%YAML 1.1
%TAG !u! tag:unity3d.com,2011:
--- !u!1 &4601410594662606359
GameObject:
  m_ObjectHideFlags: 0
  m_CorrespondingSourceObject: {fileID: 0}
  m_PrefabInstance: {fileID: 0}
  m_PrefabAsset: {fileID: 0}
  serializedVersion: 6
  m_Component:
  - component: {fileID: 3052040332794277078}
  - component: {fileID: 2792583868429804122}
  - component: {fileID: 4348630547086884071}
  m_Layer: 5
  m_Name: Horizontal Layout Group
  m_TagString: Untagged
  m_Icon: {fileID: 0}
  m_NavMeshLayer: 0
  m_StaticEditorFlags: 0
  m_IsActive: 1
--- !u!224 &3052040332794277078
RectTransform:
  m_ObjectHideFlags: 0
  m_CorrespondingSourceObject: {fileID: 0}
  m_PrefabInstance: {fileID: 0}
  m_PrefabAsset: {fileID: 0}
  m_GameObject: {fileID: 4601410594662606359}
  m_LocalRotation: {x: 0, y: 0, z: 0, w: 1}
  m_LocalPosition: {x: 0, y: 0, z: 0}
  m_LocalScale: {x: 1, y: 1, z: 1}
  m_ConstrainProportionsScale: 0
  m_Children:
  - {fileID: 8028328563440272573}
  - {fileID: 4593620562970939633}
  - {fileID: 6052144154291437344}
  m_Father: {fileID: 1506981879984923899}
  m_RootOrder: -1
  m_LocalEulerAnglesHint: {x: 0, y: 0, z: 0}
  m_AnchorMin: {x: 0, y: 0}
  m_AnchorMax: {x: 1, y: 1}
  m_AnchoredPosition: {x: 0, y: 0}
  m_SizeDelta: {x: 0, y: 0}
  m_Pivot: {x: 0.5, y: 0.5}
--- !u!114 &2792583868429804122
MonoBehaviour:
  m_ObjectHideFlags: 0
  m_CorrespondingSourceObject: {fileID: 0}
  m_PrefabInstance: {fileID: 0}
  m_PrefabAsset: {fileID: 0}
  m_GameObject: {fileID: 4601410594662606359}
  m_Enabled: 1
  m_EditorHideFlags: 0
  m_Script: {fileID: 11500000, guid: 30649d3a9faa99c48a7b1166b86bf2a0, type: 3}
  m_Name: 
  m_EditorClassIdentifier: 
  m_Padding:
    m_Left: 0
    m_Right: 0
    m_Top: 0
    m_Bottom: 0
  m_ChildAlignment: 0
  m_Spacing: 5
  m_ChildForceExpandWidth: 1
  m_ChildForceExpandHeight: 1
  m_ChildControlWidth: 1
  m_ChildControlHeight: 1
  m_ChildScaleWidth: 0
  m_ChildScaleHeight: 0
  m_ReverseArrangement: 0
--- !u!225 &4348630547086884071
CanvasGroup:
  m_ObjectHideFlags: 0
  m_CorrespondingSourceObject: {fileID: 0}
  m_PrefabInstance: {fileID: 0}
  m_PrefabAsset: {fileID: 0}
  m_GameObject: {fileID: 4601410594662606359}
  m_Enabled: 1
  m_Alpha: 1
  m_Interactable: 1
  m_BlocksRaycasts: 1
  m_IgnoreParentGroups: 0
--- !u!1001 &268135969021703566
PrefabInstance:
  m_ObjectHideFlags: 0
  serializedVersion: 2
  m_Modification:
    serializedVersion: 3
    m_TransformParent: {fileID: 3052040332794277078}
    m_Modifications:
    - target: {fileID: 6066741998491762246, guid: 36eec8b90eadade419ca4005f32e6e75, type: 3}
      propertyPath: text
      value: _ wants to be your friend!
      objectReference: {fileID: 0}
    - target: {fileID: 7841548105457725746, guid: 36eec8b90eadade419ca4005f32e6e75, type: 3}
      propertyPath: m_Name
      value: Username Text
      objectReference: {fileID: 0}
    - target: {fileID: 7841548105457725747, guid: 36eec8b90eadade419ca4005f32e6e75, type: 3}
      propertyPath: m_Pivot.x
      value: 0.5
      objectReference: {fileID: 0}
    - target: {fileID: 7841548105457725747, guid: 36eec8b90eadade419ca4005f32e6e75, type: 3}
      propertyPath: m_Pivot.y
      value: 0.5
      objectReference: {fileID: 0}
    - target: {fileID: 7841548105457725747, guid: 36eec8b90eadade419ca4005f32e6e75, type: 3}
      propertyPath: m_RootOrder
      value: -1
      objectReference: {fileID: 0}
    - target: {fileID: 7841548105457725747, guid: 36eec8b90eadade419ca4005f32e6e75, type: 3}
      propertyPath: m_AnchorMax.x
      value: 0
      objectReference: {fileID: 0}
    - target: {fileID: 7841548105457725747, guid: 36eec8b90eadade419ca4005f32e6e75, type: 3}
      propertyPath: m_AnchorMax.y
      value: 0
      objectReference: {fileID: 0}
    - target: {fileID: 7841548105457725747, guid: 36eec8b90eadade419ca4005f32e6e75, type: 3}
      propertyPath: m_AnchorMin.x
      value: 0
      objectReference: {fileID: 0}
    - target: {fileID: 7841548105457725747, guid: 36eec8b90eadade419ca4005f32e6e75, type: 3}
      propertyPath: m_AnchorMin.y
      value: 0
      objectReference: {fileID: 0}
    - target: {fileID: 7841548105457725747, guid: 36eec8b90eadade419ca4005f32e6e75, type: 3}
      propertyPath: m_SizeDelta.x
      value: 0
      objectReference: {fileID: 0}
    - target: {fileID: 7841548105457725747, guid: 36eec8b90eadade419ca4005f32e6e75, type: 3}
      propertyPath: m_SizeDelta.y
      value: 0
      objectReference: {fileID: 0}
    - target: {fileID: 7841548105457725747, guid: 36eec8b90eadade419ca4005f32e6e75, type: 3}
      propertyPath: m_LocalPosition.x
      value: 0
      objectReference: {fileID: 0}
    - target: {fileID: 7841548105457725747, guid: 36eec8b90eadade419ca4005f32e6e75, type: 3}
      propertyPath: m_LocalPosition.y
      value: 0
      objectReference: {fileID: 0}
    - target: {fileID: 7841548105457725747, guid: 36eec8b90eadade419ca4005f32e6e75, type: 3}
      propertyPath: m_LocalPosition.z
      value: 0
      objectReference: {fileID: 0}
    - target: {fileID: 7841548105457725747, guid: 36eec8b90eadade419ca4005f32e6e75, type: 3}
      propertyPath: m_LocalRotation.w
      value: 1
      objectReference: {fileID: 0}
    - target: {fileID: 7841548105457725747, guid: 36eec8b90eadade419ca4005f32e6e75, type: 3}
      propertyPath: m_LocalRotation.x
      value: 0
      objectReference: {fileID: 0}
    - target: {fileID: 7841548105457725747, guid: 36eec8b90eadade419ca4005f32e6e75, type: 3}
      propertyPath: m_LocalRotation.y
      value: 0
      objectReference: {fileID: 0}
    - target: {fileID: 7841548105457725747, guid: 36eec8b90eadade419ca4005f32e6e75, type: 3}
      propertyPath: m_LocalRotation.z
      value: 0
      objectReference: {fileID: 0}
    - target: {fileID: 7841548105457725747, guid: 36eec8b90eadade419ca4005f32e6e75, type: 3}
      propertyPath: m_AnchoredPosition.x
      value: 0
      objectReference: {fileID: 0}
    - target: {fileID: 7841548105457725747, guid: 36eec8b90eadade419ca4005f32e6e75, type: 3}
      propertyPath: m_AnchoredPosition.y
      value: 0
      objectReference: {fileID: 0}
    - target: {fileID: 7841548105457725747, guid: 36eec8b90eadade419ca4005f32e6e75, type: 3}
      propertyPath: m_LocalEulerAnglesHint.x
      value: 0
      objectReference: {fileID: 0}
    - target: {fileID: 7841548105457725747, guid: 36eec8b90eadade419ca4005f32e6e75, type: 3}
      propertyPath: m_LocalEulerAnglesHint.y
      value: 0
      objectReference: {fileID: 0}
    - target: {fileID: 7841548105457725747, guid: 36eec8b90eadade419ca4005f32e6e75, type: 3}
      propertyPath: m_LocalEulerAnglesHint.z
      value: 0
      objectReference: {fileID: 0}
    m_RemovedComponents: []
    m_RemovedGameObjects: []
    m_AddedGameObjects: []
    m_AddedComponents:
    - targetCorrespondingSourceObject: {fileID: 7841548105457725746, guid: 36eec8b90eadade419ca4005f32e6e75, type: 3}
      insertIndex: -1
      addedObject: {fileID: 1363619487606974846}
  m_SourcePrefab: {fileID: 100100000, guid: 36eec8b90eadade419ca4005f32e6e75, type: 3}
--- !u!114 &6307847124830669768 stripped
MonoBehaviour:
  m_CorrespondingSourceObject: {fileID: 6066741998491762246, guid: 36eec8b90eadade419ca4005f32e6e75, type: 3}
  m_PrefabInstance: {fileID: 268135969021703566}
  m_PrefabAsset: {fileID: 0}
  m_GameObject: {fileID: 8028328563440272572}
  m_Enabled: 1
  m_EditorHideFlags: 0
  m_Script: {fileID: 11500000, guid: f4de3e699b9fb1c458cd7020b7936e50, type: 3}
  m_Name: 
  m_EditorClassIdentifier: 
--- !u!1 &8028328563440272572 stripped
GameObject:
  m_CorrespondingSourceObject: {fileID: 7841548105457725746, guid: 36eec8b90eadade419ca4005f32e6e75, type: 3}
  m_PrefabInstance: {fileID: 268135969021703566}
  m_PrefabAsset: {fileID: 0}
--- !u!114 &1363619487606974846
MonoBehaviour:
  m_ObjectHideFlags: 0
  m_CorrespondingSourceObject: {fileID: 0}
  m_PrefabInstance: {fileID: 0}
  m_PrefabAsset: {fileID: 0}
  m_GameObject: {fileID: 8028328563440272572}
  m_Enabled: 1
  m_EditorHideFlags: 0
  m_Script: {fileID: 11500000, guid: 306cc8c2b49d7114eaa3623786fc2126, type: 3}
  m_Name: 
  m_EditorClassIdentifier: 
  m_IgnoreLayout: 0
  m_MinWidth: -1
  m_MinHeight: -1
  m_PreferredWidth: 150
  m_PreferredHeight: -1
  m_FlexibleWidth: -1
  m_FlexibleHeight: -1
  m_LayoutPriority: 1
--- !u!224 &8028328563440272573 stripped
RectTransform:
  m_CorrespondingSourceObject: {fileID: 7841548105457725747, guid: 36eec8b90eadade419ca4005f32e6e75, type: 3}
  m_PrefabInstance: {fileID: 268135969021703566}
  m_PrefabAsset: {fileID: 0}
--- !u!1001 &2704883111334729316
PrefabInstance:
  m_ObjectHideFlags: 0
  serializedVersion: 2
  m_Modification:
    serializedVersion: 3
    m_TransformParent: {fileID: 6052144154291437344}
    m_Modifications:
    - target: {fileID: 6066741998491762246, guid: 36eec8b90eadade419ca4005f32e6e75, type: 3}
      propertyPath: text
      value: Reject
      objectReference: {fileID: 0}
    - target: {fileID: 7841548105457725746, guid: 36eec8b90eadade419ca4005f32e6e75, type: 3}
      propertyPath: m_Name
      value: Text
      objectReference: {fileID: 0}
    - target: {fileID: 7841548105457725747, guid: 36eec8b90eadade419ca4005f32e6e75, type: 3}
      propertyPath: m_Pivot.x
      value: 0.5
      objectReference: {fileID: 0}
    - target: {fileID: 7841548105457725747, guid: 36eec8b90eadade419ca4005f32e6e75, type: 3}
      propertyPath: m_Pivot.y
      value: 0.5
      objectReference: {fileID: 0}
    - target: {fileID: 7841548105457725747, guid: 36eec8b90eadade419ca4005f32e6e75, type: 3}
      propertyPath: m_RootOrder
      value: -1
      objectReference: {fileID: 0}
    - target: {fileID: 7841548105457725747, guid: 36eec8b90eadade419ca4005f32e6e75, type: 3}
      propertyPath: m_AnchorMax.x
      value: 0.5
      objectReference: {fileID: 0}
    - target: {fileID: 7841548105457725747, guid: 36eec8b90eadade419ca4005f32e6e75, type: 3}
      propertyPath: m_AnchorMax.y
      value: 0.5
      objectReference: {fileID: 0}
    - target: {fileID: 7841548105457725747, guid: 36eec8b90eadade419ca4005f32e6e75, type: 3}
      propertyPath: m_AnchorMin.x
      value: 0.5
      objectReference: {fileID: 0}
    - target: {fileID: 7841548105457725747, guid: 36eec8b90eadade419ca4005f32e6e75, type: 3}
      propertyPath: m_AnchorMin.y
      value: 0.5
      objectReference: {fileID: 0}
    - target: {fileID: 7841548105457725747, guid: 36eec8b90eadade419ca4005f32e6e75, type: 3}
      propertyPath: m_SizeDelta.x
      value: 200
      objectReference: {fileID: 0}
    - target: {fileID: 7841548105457725747, guid: 36eec8b90eadade419ca4005f32e6e75, type: 3}
      propertyPath: m_SizeDelta.y
      value: 50
      objectReference: {fileID: 0}
    - target: {fileID: 7841548105457725747, guid: 36eec8b90eadade419ca4005f32e6e75, type: 3}
      propertyPath: m_LocalPosition.x
      value: 0
      objectReference: {fileID: 0}
    - target: {fileID: 7841548105457725747, guid: 36eec8b90eadade419ca4005f32e6e75, type: 3}
      propertyPath: m_LocalPosition.y
      value: 0
      objectReference: {fileID: 0}
    - target: {fileID: 7841548105457725747, guid: 36eec8b90eadade419ca4005f32e6e75, type: 3}
      propertyPath: m_LocalPosition.z
      value: 0
      objectReference: {fileID: 0}
    - target: {fileID: 7841548105457725747, guid: 36eec8b90eadade419ca4005f32e6e75, type: 3}
      propertyPath: m_LocalRotation.w
      value: 1
      objectReference: {fileID: 0}
    - target: {fileID: 7841548105457725747, guid: 36eec8b90eadade419ca4005f32e6e75, type: 3}
      propertyPath: m_LocalRotation.x
      value: 0
      objectReference: {fileID: 0}
    - target: {fileID: 7841548105457725747, guid: 36eec8b90eadade419ca4005f32e6e75, type: 3}
      propertyPath: m_LocalRotation.y
      value: 0
      objectReference: {fileID: 0}
    - target: {fileID: 7841548105457725747, guid: 36eec8b90eadade419ca4005f32e6e75, type: 3}
      propertyPath: m_LocalRotation.z
      value: 0
      objectReference: {fileID: 0}
    - target: {fileID: 7841548105457725747, guid: 36eec8b90eadade419ca4005f32e6e75, type: 3}
      propertyPath: m_AnchoredPosition.x
      value: 0
      objectReference: {fileID: 0}
    - target: {fileID: 7841548105457725747, guid: 36eec8b90eadade419ca4005f32e6e75, type: 3}
      propertyPath: m_AnchoredPosition.y
      value: 0
      objectReference: {fileID: 0}
    - target: {fileID: 7841548105457725747, guid: 36eec8b90eadade419ca4005f32e6e75, type: 3}
      propertyPath: m_LocalEulerAnglesHint.x
      value: 0
      objectReference: {fileID: 0}
    - target: {fileID: 7841548105457725747, guid: 36eec8b90eadade419ca4005f32e6e75, type: 3}
      propertyPath: m_LocalEulerAnglesHint.y
      value: 0
      objectReference: {fileID: 0}
    - target: {fileID: 7841548105457725747, guid: 36eec8b90eadade419ca4005f32e6e75, type: 3}
      propertyPath: m_LocalEulerAnglesHint.z
      value: 0
      objectReference: {fileID: 0}
    m_RemovedComponents: []
    m_RemovedGameObjects: []
    m_AddedGameObjects: []
    m_AddedComponents: []
  m_SourcePrefab: {fileID: 100100000, guid: 36eec8b90eadade419ca4005f32e6e75, type: 3}
--- !u!224 &5285935889396967255 stripped
RectTransform:
  m_CorrespondingSourceObject: {fileID: 7841548105457725747, guid: 36eec8b90eadade419ca4005f32e6e75, type: 3}
  m_PrefabInstance: {fileID: 2704883111334729316}
  m_PrefabAsset: {fileID: 0}
--- !u!1001 &3462618221457549698
PrefabInstance:
  m_ObjectHideFlags: 0
  serializedVersion: 2
  m_Modification:
    serializedVersion: 3
    m_TransformParent: {fileID: 3052040332794277078}
    m_Modifications:
    - target: {fileID: 1090208718975457673, guid: 25570508c10682f47a5337d9f97601b7, type: 3}
      propertyPath: m_OnClick.m_PersistentCalls.m_Calls.Array.size
      value: 1
      objectReference: {fileID: 0}
    - target: {fileID: 1090208718975457673, guid: 25570508c10682f47a5337d9f97601b7, type: 3}
      propertyPath: m_OnClick.m_PersistentCalls.m_Calls.Array.data[0].m_Mode
      value: 1
      objectReference: {fileID: 0}
    - target: {fileID: 1090208718975457673, guid: 25570508c10682f47a5337d9f97601b7, type: 3}
      propertyPath: m_OnClick.m_PersistentCalls.m_Calls.Array.data[0].m_Target
      value: 
      objectReference: {fileID: 5421839297433987786}
    - target: {fileID: 1090208718975457673, guid: 25570508c10682f47a5337d9f97601b7, type: 3}
      propertyPath: m_OnClick.m_PersistentCalls.m_Calls.Array.data[0].m_CallState
      value: 2
      objectReference: {fileID: 0}
    - target: {fileID: 1090208718975457673, guid: 25570508c10682f47a5337d9f97601b7, type: 3}
      propertyPath: m_OnClick.m_PersistentCalls.m_Calls.Array.data[0].m_MethodName
      value: Reject
      objectReference: {fileID: 0}
    - target: {fileID: 1090208718975457673, guid: 25570508c10682f47a5337d9f97601b7, type: 3}
      propertyPath: m_OnClick.m_PersistentCalls.m_Calls.Array.data[0].m_TargetAssemblyTypeName
      value: BombGame.InviteRequest, Assembly-CSharp-firstpass
      objectReference: {fileID: 0}
    - target: {fileID: 1090208718975457673, guid: 25570508c10682f47a5337d9f97601b7, type: 3}
      propertyPath: m_OnClick.m_PersistentCalls.m_Calls.Array.data[0].m_Arguments.m_ObjectArgumentAssemblyTypeName
      value: UnityEngine.Object, UnityEngine
      objectReference: {fileID: 0}
    - target: {fileID: 7201319472076609186, guid: 25570508c10682f47a5337d9f97601b7, type: 3}
      propertyPath: m_Pivot.x
      value: 0.5
      objectReference: {fileID: 0}
    - target: {fileID: 7201319472076609186, guid: 25570508c10682f47a5337d9f97601b7, type: 3}
      propertyPath: m_Pivot.y
      value: 0.5
      objectReference: {fileID: 0}
    - target: {fileID: 7201319472076609186, guid: 25570508c10682f47a5337d9f97601b7, type: 3}
      propertyPath: m_RootOrder
      value: -1
      objectReference: {fileID: 0}
    - target: {fileID: 7201319472076609186, guid: 25570508c10682f47a5337d9f97601b7, type: 3}
      propertyPath: m_AnchorMax.x
      value: 0
      objectReference: {fileID: 0}
    - target: {fileID: 7201319472076609186, guid: 25570508c10682f47a5337d9f97601b7, type: 3}
      propertyPath: m_AnchorMax.y
      value: 0
      objectReference: {fileID: 0}
    - target: {fileID: 7201319472076609186, guid: 25570508c10682f47a5337d9f97601b7, type: 3}
      propertyPath: m_AnchorMin.x
      value: 0
      objectReference: {fileID: 0}
    - target: {fileID: 7201319472076609186, guid: 25570508c10682f47a5337d9f97601b7, type: 3}
      propertyPath: m_AnchorMin.y
      value: 0
      objectReference: {fileID: 0}
    - target: {fileID: 7201319472076609186, guid: 25570508c10682f47a5337d9f97601b7, type: 3}
      propertyPath: m_SizeDelta.x
      value: 0
      objectReference: {fileID: 0}
    - target: {fileID: 7201319472076609186, guid: 25570508c10682f47a5337d9f97601b7, type: 3}
      propertyPath: m_SizeDelta.y
      value: 0
      objectReference: {fileID: 0}
    - target: {fileID: 7201319472076609186, guid: 25570508c10682f47a5337d9f97601b7, type: 3}
      propertyPath: m_LocalPosition.x
      value: 0
      objectReference: {fileID: 0}
    - target: {fileID: 7201319472076609186, guid: 25570508c10682f47a5337d9f97601b7, type: 3}
      propertyPath: m_LocalPosition.y
      value: 0
      objectReference: {fileID: 0}
    - target: {fileID: 7201319472076609186, guid: 25570508c10682f47a5337d9f97601b7, type: 3}
      propertyPath: m_LocalPosition.z
      value: 0
      objectReference: {fileID: 0}
    - target: {fileID: 7201319472076609186, guid: 25570508c10682f47a5337d9f97601b7, type: 3}
      propertyPath: m_LocalRotation.w
      value: 1
      objectReference: {fileID: 0}
    - target: {fileID: 7201319472076609186, guid: 25570508c10682f47a5337d9f97601b7, type: 3}
      propertyPath: m_LocalRotation.x
      value: -0
      objectReference: {fileID: 0}
    - target: {fileID: 7201319472076609186, guid: 25570508c10682f47a5337d9f97601b7, type: 3}
      propertyPath: m_LocalRotation.y
      value: -0
      objectReference: {fileID: 0}
    - target: {fileID: 7201319472076609186, guid: 25570508c10682f47a5337d9f97601b7, type: 3}
      propertyPath: m_LocalRotation.z
      value: -0
      objectReference: {fileID: 0}
    - target: {fileID: 7201319472076609186, guid: 25570508c10682f47a5337d9f97601b7, type: 3}
      propertyPath: m_AnchoredPosition.x
      value: 0
      objectReference: {fileID: 0}
    - target: {fileID: 7201319472076609186, guid: 25570508c10682f47a5337d9f97601b7, type: 3}
      propertyPath: m_AnchoredPosition.y
      value: 0
      objectReference: {fileID: 0}
    - target: {fileID: 7201319472076609186, guid: 25570508c10682f47a5337d9f97601b7, type: 3}
      propertyPath: m_LocalEulerAnglesHint.x
      value: 0
      objectReference: {fileID: 0}
    - target: {fileID: 7201319472076609186, guid: 25570508c10682f47a5337d9f97601b7, type: 3}
      propertyPath: m_LocalEulerAnglesHint.y
      value: 0
      objectReference: {fileID: 0}
    - target: {fileID: 7201319472076609186, guid: 25570508c10682f47a5337d9f97601b7, type: 3}
      propertyPath: m_LocalEulerAnglesHint.z
      value: 0
      objectReference: {fileID: 0}
    - target: {fileID: 7201319472076609187, guid: 25570508c10682f47a5337d9f97601b7, type: 3}
      propertyPath: m_OnClick.m_PersistentCalls.m_Calls.Array.size
      value: 1
      objectReference: {fileID: 0}
    - target: {fileID: 7201319472076609187, guid: 25570508c10682f47a5337d9f97601b7, type: 3}
      propertyPath: m_OnClick.m_PersistentCalls.m_Calls.Array.data[0].m_Mode
      value: 1
      objectReference: {fileID: 0}
    - target: {fileID: 7201319472076609187, guid: 25570508c10682f47a5337d9f97601b7, type: 3}
      propertyPath: m_OnClick.m_PersistentCalls.m_Calls.Array.data[0].m_CallState
      value: 2
      objectReference: {fileID: 0}
    - target: {fileID: 7201319472076609187, guid: 25570508c10682f47a5337d9f97601b7, type: 3}
      propertyPath: m_OnClick.m_PersistentCalls.m_Calls.Array.data[0].m_MethodName
      value: Reject
      objectReference: {fileID: 0}
    - target: {fileID: 7201319472076609187, guid: 25570508c10682f47a5337d9f97601b7, type: 3}
      propertyPath: m_OnClick.m_PersistentCalls.m_Calls.Array.data[0].m_TargetAssemblyTypeName
      value: BombGame.AddFriendRequestInfoIndicator, Assembly-CSharp-firstpass
      objectReference: {fileID: 0}
    - target: {fileID: 7201319472076609187, guid: 25570508c10682f47a5337d9f97601b7, type: 3}
      propertyPath: m_OnClick.m_PersistentCalls.m_Calls.Array.data[0].m_Arguments.m_ObjectArgumentAssemblyTypeName
      value: UnityEngine.Object, UnityEngine
      objectReference: {fileID: 0}
    - target: {fileID: 7201319472076609213, guid: 25570508c10682f47a5337d9f97601b7, type: 3}
      propertyPath: m_Name
      value: Reject Button
      objectReference: {fileID: 0}
    m_RemovedComponents: []
    m_RemovedGameObjects: []
    m_AddedGameObjects:
    - targetCorrespondingSourceObject: {fileID: 7201319472076609186, guid: 25570508c10682f47a5337d9f97601b7, type: 3}
      insertIndex: -1
      addedObject: {fileID: 5285935889396967255}
    m_AddedComponents:
    - targetCorrespondingSourceObject: {fileID: 7201319472076609213, guid: 25570508c10682f47a5337d9f97601b7, type: 3}
      insertIndex: -1
      addedObject: {fileID: 1105666763003408320}
  m_SourcePrefab: {fileID: 100100000, guid: 25570508c10682f47a5337d9f97601b7, type: 3}
--- !u!224 &6052144154291437344 stripped
RectTransform:
  m_CorrespondingSourceObject: {fileID: 7201319472076609186, guid: 25570508c10682f47a5337d9f97601b7, type: 3}
  m_PrefabInstance: {fileID: 3462618221457549698}
  m_PrefabAsset: {fileID: 0}
--- !u!1 &6052144154291437375 stripped
GameObject:
  m_CorrespondingSourceObject: {fileID: 7201319472076609213, guid: 25570508c10682f47a5337d9f97601b7, type: 3}
  m_PrefabInstance: {fileID: 3462618221457549698}
  m_PrefabAsset: {fileID: 0}
--- !u!114 &1105666763003408320
MonoBehaviour:
  m_ObjectHideFlags: 0
  m_CorrespondingSourceObject: {fileID: 0}
  m_PrefabInstance: {fileID: 0}
  m_PrefabAsset: {fileID: 0}
  m_GameObject: {fileID: 6052144154291437375}
  m_Enabled: 1
  m_EditorHideFlags: 0
  m_Script: {fileID: 11500000, guid: 306cc8c2b49d7114eaa3623786fc2126, type: 3}
  m_Name: 
  m_EditorClassIdentifier: 
  m_IgnoreLayout: 0
  m_MinWidth: -1
  m_MinHeight: -1
  m_PreferredWidth: 50
  m_PreferredHeight: -1
  m_FlexibleWidth: -1
  m_FlexibleHeight: -1
  m_LayoutPriority: 1
--- !u!1001 &3917718186017214196
PrefabInstance:
  m_ObjectHideFlags: 0
  serializedVersion: 2
  m_Modification:
    serializedVersion: 3
    m_TransformParent: {fileID: 0}
    m_Modifications:
    - target: {fileID: 532722653836641778, guid: a05641e274599ae4ca97c5184ae77638, type: 3}
      propertyPath: m_Name
      value: Invite Request
      objectReference: {fileID: 0}
    - target: {fileID: 2501582363903355407, guid: a05641e274599ae4ca97c5184ae77638, type: 3}
      propertyPath: m_Pivot.x
      value: 0.5
      objectReference: {fileID: 0}
    - target: {fileID: 2501582363903355407, guid: a05641e274599ae4ca97c5184ae77638, type: 3}
      propertyPath: m_Pivot.y
      value: 0.5
      objectReference: {fileID: 0}
    - target: {fileID: 2501582363903355407, guid: a05641e274599ae4ca97c5184ae77638, type: 3}
      propertyPath: m_RootOrder
      value: -1
      objectReference: {fileID: 0}
    - target: {fileID: 2501582363903355407, guid: a05641e274599ae4ca97c5184ae77638, type: 3}
      propertyPath: m_AnchorMax.x
      value: 0
      objectReference: {fileID: 0}
    - target: {fileID: 2501582363903355407, guid: a05641e274599ae4ca97c5184ae77638, type: 3}
      propertyPath: m_AnchorMax.y
      value: 0
      objectReference: {fileID: 0}
    - target: {fileID: 2501582363903355407, guid: a05641e274599ae4ca97c5184ae77638, type: 3}
      propertyPath: m_AnchorMin.x
      value: 0
      objectReference: {fileID: 0}
    - target: {fileID: 2501582363903355407, guid: a05641e274599ae4ca97c5184ae77638, type: 3}
      propertyPath: m_AnchorMin.y
      value: 0
      objectReference: {fileID: 0}
    - target: {fileID: 2501582363903355407, guid: a05641e274599ae4ca97c5184ae77638, type: 3}
      propertyPath: m_SizeDelta.x
      value: 250
      objectReference: {fileID: 0}
    - target: {fileID: 2501582363903355407, guid: a05641e274599ae4ca97c5184ae77638, type: 3}
      propertyPath: m_SizeDelta.y
      value: 50
      objectReference: {fileID: 0}
    - target: {fileID: 2501582363903355407, guid: a05641e274599ae4ca97c5184ae77638, type: 3}
      propertyPath: m_LocalPosition.x
      value: 0
      objectReference: {fileID: 0}
    - target: {fileID: 2501582363903355407, guid: a05641e274599ae4ca97c5184ae77638, type: 3}
      propertyPath: m_LocalPosition.y
      value: 0
      objectReference: {fileID: 0}
    - target: {fileID: 2501582363903355407, guid: a05641e274599ae4ca97c5184ae77638, type: 3}
      propertyPath: m_LocalPosition.z
      value: 0
      objectReference: {fileID: 0}
    - target: {fileID: 2501582363903355407, guid: a05641e274599ae4ca97c5184ae77638, type: 3}
      propertyPath: m_LocalRotation.w
      value: 1
      objectReference: {fileID: 0}
    - target: {fileID: 2501582363903355407, guid: a05641e274599ae4ca97c5184ae77638, type: 3}
      propertyPath: m_LocalRotation.x
      value: -0
      objectReference: {fileID: 0}
    - target: {fileID: 2501582363903355407, guid: a05641e274599ae4ca97c5184ae77638, type: 3}
      propertyPath: m_LocalRotation.y
      value: -0
      objectReference: {fileID: 0}
    - target: {fileID: 2501582363903355407, guid: a05641e274599ae4ca97c5184ae77638, type: 3}
      propertyPath: m_LocalRotation.z
      value: -0
      objectReference: {fileID: 0}
    - target: {fileID: 2501582363903355407, guid: a05641e274599ae4ca97c5184ae77638, type: 3}
      propertyPath: m_AnchoredPosition.x
      value: 0
      objectReference: {fileID: 0}
    - target: {fileID: 2501582363903355407, guid: a05641e274599ae4ca97c5184ae77638, type: 3}
      propertyPath: m_AnchoredPosition.y
      value: 0
      objectReference: {fileID: 0}
    - target: {fileID: 2501582363903355407, guid: a05641e274599ae4ca97c5184ae77638, type: 3}
      propertyPath: m_LocalEulerAnglesHint.x
      value: 0
      objectReference: {fileID: 0}
    - target: {fileID: 2501582363903355407, guid: a05641e274599ae4ca97c5184ae77638, type: 3}
      propertyPath: m_LocalEulerAnglesHint.y
      value: 0
      objectReference: {fileID: 0}
    - target: {fileID: 2501582363903355407, guid: a05641e274599ae4ca97c5184ae77638, type: 3}
      propertyPath: m_LocalEulerAnglesHint.z
      value: 0
      objectReference: {fileID: 0}
    - target: {fileID: 4853772983483373153, guid: a05641e274599ae4ca97c5184ae77638, type: 3}
      propertyPath: m_AnchorMax.x
      value: 0
      objectReference: {fileID: 0}
    - target: {fileID: 4853772983483373153, guid: a05641e274599ae4ca97c5184ae77638, type: 3}
      propertyPath: m_AnchorMax.y
      value: 0
      objectReference: {fileID: 0}
    - target: {fileID: 4853772983483373153, guid: a05641e274599ae4ca97c5184ae77638, type: 3}
      propertyPath: m_AnchorMin.y
      value: 0
      objectReference: {fileID: 0}
    - target: {fileID: 4853772983483373153, guid: a05641e274599ae4ca97c5184ae77638, type: 3}
      propertyPath: m_SizeDelta.x
      value: 0
      objectReference: {fileID: 0}
    - target: {fileID: 4853772983483373153, guid: a05641e274599ae4ca97c5184ae77638, type: 3}
      propertyPath: m_SizeDelta.y
      value: 0
      objectReference: {fileID: 0}
    - target: {fileID: 4853772983483373153, guid: a05641e274599ae4ca97c5184ae77638, type: 3}
      propertyPath: m_AnchoredPosition.x
      value: 0
      objectReference: {fileID: 0}
    - target: {fileID: 4853772983483373153, guid: a05641e274599ae4ca97c5184ae77638, type: 3}
      propertyPath: m_AnchoredPosition.y
      value: 0
      objectReference: {fileID: 0}
    m_RemovedComponents:
    - {fileID: 7271952786109209538, guid: a05641e274599ae4ca97c5184ae77638, type: 3}
    m_RemovedGameObjects: []
    m_AddedGameObjects:
    - targetCorrespondingSourceObject: {fileID: 2501582363903355407, guid: a05641e274599ae4ca97c5184ae77638, type: 3}
      insertIndex: -1
      addedObject: {fileID: 3052040332794277078}
    m_AddedComponents:
    - targetCorrespondingSourceObject: {fileID: 532722653836641778, guid: a05641e274599ae4ca97c5184ae77638, type: 3}
      insertIndex: -1
      addedObject: {fileID: 5421839297433987786}
    - targetCorrespondingSourceObject: {fileID: 532722653836641778, guid: a05641e274599ae4ca97c5184ae77638, type: 3}
      insertIndex: -1
      addedObject: {fileID: 3274372101239761532}
  m_SourcePrefab: {fileID: 100100000, guid: a05641e274599ae4ca97c5184ae77638, type: 3}
--- !u!224 &1506981879984923899 stripped
RectTransform:
  m_CorrespondingSourceObject: {fileID: 2501582363903355407, guid: a05641e274599ae4ca97c5184ae77638, type: 3}
  m_PrefabInstance: {fileID: 3917718186017214196}
  m_PrefabAsset: {fileID: 0}
--- !u!1 &3547177895327189766 stripped
GameObject:
  m_CorrespondingSourceObject: {fileID: 532722653836641778, guid: a05641e274599ae4ca97c5184ae77638, type: 3}
  m_PrefabInstance: {fileID: 3917718186017214196}
  m_PrefabAsset: {fileID: 0}
--- !u!114 &5421839297433987786
MonoBehaviour:
  m_ObjectHideFlags: 0
  m_CorrespondingSourceObject: {fileID: 0}
  m_PrefabInstance: {fileID: 0}
  m_PrefabAsset: {fileID: 0}
  m_GameObject: {fileID: 3547177895327189766}
  m_Enabled: 1
  m_EditorHideFlags: 0
  m_Script: {fileID: 11500000, guid: a9238b56a4712774ea3336d100f6b45b, type: 3}
  m_Name: 
  m_EditorClassIdentifier: 
  canvasGroup: {fileID: 4348630547086884071}
  text: {fileID: 6307847124830669768}
--- !u!114 &3274372101239761532
MonoBehaviour:
  m_ObjectHideFlags: 0
  m_CorrespondingSourceObject: {fileID: 0}
  m_PrefabInstance: {fileID: 0}
  m_PrefabAsset: {fileID: 0}
  m_GameObject: {fileID: 3547177895327189766}
  m_Enabled: 1
  m_EditorHideFlags: 0
  m_Script: {fileID: 11500000, guid: 306cc8c2b49d7114eaa3623786fc2126, type: 3}
  m_Name: 
  m_EditorClassIdentifier: 
  m_IgnoreLayout: 0
  m_MinWidth: -1
  m_MinHeight: -1
  m_PreferredWidth: -1
  m_PreferredHeight: 50
  m_FlexibleWidth: -1
  m_FlexibleHeight: -1
  m_LayoutPriority: 1
--- !u!1001 &6109348011579467921
PrefabInstance:
  m_ObjectHideFlags: 0
  serializedVersion: 2
  m_Modification:
    serializedVersion: 3
    m_TransformParent: {fileID: 4593620562970939633}
    m_Modifications:
    - target: {fileID: 6066741998491762246, guid: 36eec8b90eadade419ca4005f32e6e75, type: 3}
      propertyPath: text
      value: Accept
      objectReference: {fileID: 0}
    - target: {fileID: 7841548105457725746, guid: 36eec8b90eadade419ca4005f32e6e75, type: 3}
      propertyPath: m_Name
      value: Text
      objectReference: {fileID: 0}
    - target: {fileID: 7841548105457725747, guid: 36eec8b90eadade419ca4005f32e6e75, type: 3}
      propertyPath: m_Pivot.x
      value: 0.5
      objectReference: {fileID: 0}
    - target: {fileID: 7841548105457725747, guid: 36eec8b90eadade419ca4005f32e6e75, type: 3}
      propertyPath: m_Pivot.y
      value: 0.5
      objectReference: {fileID: 0}
    - target: {fileID: 7841548105457725747, guid: 36eec8b90eadade419ca4005f32e6e75, type: 3}
      propertyPath: m_RootOrder
      value: -1
      objectReference: {fileID: 0}
    - target: {fileID: 7841548105457725747, guid: 36eec8b90eadade419ca4005f32e6e75, type: 3}
      propertyPath: m_AnchorMax.x
      value: 0.5
      objectReference: {fileID: 0}
    - target: {fileID: 7841548105457725747, guid: 36eec8b90eadade419ca4005f32e6e75, type: 3}
      propertyPath: m_AnchorMax.y
      value: 0.5
      objectReference: {fileID: 0}
    - target: {fileID: 7841548105457725747, guid: 36eec8b90eadade419ca4005f32e6e75, type: 3}
      propertyPath: m_AnchorMin.x
      value: 0.5
      objectReference: {fileID: 0}
    - target: {fileID: 7841548105457725747, guid: 36eec8b90eadade419ca4005f32e6e75, type: 3}
      propertyPath: m_AnchorMin.y
      value: 0.5
      objectReference: {fileID: 0}
    - target: {fileID: 7841548105457725747, guid: 36eec8b90eadade419ca4005f32e6e75, type: 3}
      propertyPath: m_SizeDelta.x
      value: 200
      objectReference: {fileID: 0}
    - target: {fileID: 7841548105457725747, guid: 36eec8b90eadade419ca4005f32e6e75, type: 3}
      propertyPath: m_SizeDelta.y
      value: 50
      objectReference: {fileID: 0}
    - target: {fileID: 7841548105457725747, guid: 36eec8b90eadade419ca4005f32e6e75, type: 3}
      propertyPath: m_LocalPosition.x
      value: 0
      objectReference: {fileID: 0}
    - target: {fileID: 7841548105457725747, guid: 36eec8b90eadade419ca4005f32e6e75, type: 3}
      propertyPath: m_LocalPosition.y
      value: 0
      objectReference: {fileID: 0}
    - target: {fileID: 7841548105457725747, guid: 36eec8b90eadade419ca4005f32e6e75, type: 3}
      propertyPath: m_LocalPosition.z
      value: 0
      objectReference: {fileID: 0}
    - target: {fileID: 7841548105457725747, guid: 36eec8b90eadade419ca4005f32e6e75, type: 3}
      propertyPath: m_LocalRotation.w
      value: 1
      objectReference: {fileID: 0}
    - target: {fileID: 7841548105457725747, guid: 36eec8b90eadade419ca4005f32e6e75, type: 3}
      propertyPath: m_LocalRotation.x
      value: 0
      objectReference: {fileID: 0}
    - target: {fileID: 7841548105457725747, guid: 36eec8b90eadade419ca4005f32e6e75, type: 3}
      propertyPath: m_LocalRotation.y
      value: 0
      objectReference: {fileID: 0}
    - target: {fileID: 7841548105457725747, guid: 36eec8b90eadade419ca4005f32e6e75, type: 3}
      propertyPath: m_LocalRotation.z
      value: 0
      objectReference: {fileID: 0}
    - target: {fileID: 7841548105457725747, guid: 36eec8b90eadade419ca4005f32e6e75, type: 3}
      propertyPath: m_AnchoredPosition.x
      value: 0
      objectReference: {fileID: 0}
    - target: {fileID: 7841548105457725747, guid: 36eec8b90eadade419ca4005f32e6e75, type: 3}
      propertyPath: m_AnchoredPosition.y
      value: 0
      objectReference: {fileID: 0}
    - target: {fileID: 7841548105457725747, guid: 36eec8b90eadade419ca4005f32e6e75, type: 3}
      propertyPath: m_LocalEulerAnglesHint.x
      value: 0
      objectReference: {fileID: 0}
    - target: {fileID: 7841548105457725747, guid: 36eec8b90eadade419ca4005f32e6e75, type: 3}
      propertyPath: m_LocalEulerAnglesHint.y
      value: 0
      objectReference: {fileID: 0}
    - target: {fileID: 7841548105457725747, guid: 36eec8b90eadade419ca4005f32e6e75, type: 3}
      propertyPath: m_LocalEulerAnglesHint.z
      value: 0
      objectReference: {fileID: 0}
    m_RemovedComponents: []
    m_RemovedGameObjects: []
    m_AddedGameObjects: []
    m_AddedComponents: []
  m_SourcePrefab: {fileID: 100100000, guid: 36eec8b90eadade419ca4005f32e6e75, type: 3}
--- !u!224 &4042550012698106274 stripped
RectTransform:
  m_CorrespondingSourceObject: {fileID: 7841548105457725747, guid: 36eec8b90eadade419ca4005f32e6e75, type: 3}
  m_PrefabInstance: {fileID: 6109348011579467921}
  m_PrefabAsset: {fileID: 0}
--- !u!1001 &6651790775533880915
PrefabInstance:
  m_ObjectHideFlags: 0
  serializedVersion: 2
  m_Modification:
    serializedVersion: 3
    m_TransformParent: {fileID: 3052040332794277078}
    m_Modifications:
    - target: {fileID: 1090208718975457673, guid: 25570508c10682f47a5337d9f97601b7, type: 3}
      propertyPath: m_OnClick.m_PersistentCalls.m_Calls.Array.size
      value: 1
      objectReference: {fileID: 0}
    - target: {fileID: 1090208718975457673, guid: 25570508c10682f47a5337d9f97601b7, type: 3}
      propertyPath: m_OnClick.m_PersistentCalls.m_Calls.Array.data[0].m_Mode
      value: 1
      objectReference: {fileID: 0}
    - target: {fileID: 1090208718975457673, guid: 25570508c10682f47a5337d9f97601b7, type: 3}
      propertyPath: m_OnClick.m_PersistentCalls.m_Calls.Array.data[0].m_Target
      value: 
      objectReference: {fileID: 5421839297433987786}
    - target: {fileID: 1090208718975457673, guid: 25570508c10682f47a5337d9f97601b7, type: 3}
      propertyPath: m_OnClick.m_PersistentCalls.m_Calls.Array.data[0].m_CallState
      value: 2
      objectReference: {fileID: 0}
    - target: {fileID: 1090208718975457673, guid: 25570508c10682f47a5337d9f97601b7, type: 3}
      propertyPath: m_OnClick.m_PersistentCalls.m_Calls.Array.data[0].m_MethodName
      value: Accept
      objectReference: {fileID: 0}
    - target: {fileID: 1090208718975457673, guid: 25570508c10682f47a5337d9f97601b7, type: 3}
      propertyPath: m_OnClick.m_PersistentCalls.m_Calls.Array.data[0].m_TargetAssemblyTypeName
      value: BombGame.InviteRequest, Assembly-CSharp-firstpass
      objectReference: {fileID: 0}
    - target: {fileID: 1090208718975457673, guid: 25570508c10682f47a5337d9f97601b7, type: 3}
      propertyPath: m_OnClick.m_PersistentCalls.m_Calls.Array.data[0].m_Arguments.m_ObjectArgumentAssemblyTypeName
      value: UnityEngine.Object, UnityEngine
      objectReference: {fileID: 0}
    - target: {fileID: 7201319472076609186, guid: 25570508c10682f47a5337d9f97601b7, type: 3}
      propertyPath: m_Pivot.x
      value: 0.5
      objectReference: {fileID: 0}
    - target: {fileID: 7201319472076609186, guid: 25570508c10682f47a5337d9f97601b7, type: 3}
      propertyPath: m_Pivot.y
      value: 0.5
      objectReference: {fileID: 0}
    - target: {fileID: 7201319472076609186, guid: 25570508c10682f47a5337d9f97601b7, type: 3}
      propertyPath: m_RootOrder
      value: -1
      objectReference: {fileID: 0}
    - target: {fileID: 7201319472076609186, guid: 25570508c10682f47a5337d9f97601b7, type: 3}
      propertyPath: m_AnchorMax.x
      value: 0
      objectReference: {fileID: 0}
    - target: {fileID: 7201319472076609186, guid: 25570508c10682f47a5337d9f97601b7, type: 3}
      propertyPath: m_AnchorMax.y
      value: 0
      objectReference: {fileID: 0}
    - target: {fileID: 7201319472076609186, guid: 25570508c10682f47a5337d9f97601b7, type: 3}
      propertyPath: m_AnchorMin.x
      value: 0
      objectReference: {fileID: 0}
    - target: {fileID: 7201319472076609186, guid: 25570508c10682f47a5337d9f97601b7, type: 3}
      propertyPath: m_AnchorMin.y
      value: 0
      objectReference: {fileID: 0}
    - target: {fileID: 7201319472076609186, guid: 25570508c10682f47a5337d9f97601b7, type: 3}
      propertyPath: m_SizeDelta.x
      value: 0
      objectReference: {fileID: 0}
    - target: {fileID: 7201319472076609186, guid: 25570508c10682f47a5337d9f97601b7, type: 3}
      propertyPath: m_SizeDelta.y
      value: 0
      objectReference: {fileID: 0}
    - target: {fileID: 7201319472076609186, guid: 25570508c10682f47a5337d9f97601b7, type: 3}
      propertyPath: m_LocalPosition.x
      value: 0
      objectReference: {fileID: 0}
    - target: {fileID: 7201319472076609186, guid: 25570508c10682f47a5337d9f97601b7, type: 3}
      propertyPath: m_LocalPosition.y
      value: 0
      objectReference: {fileID: 0}
    - target: {fileID: 7201319472076609186, guid: 25570508c10682f47a5337d9f97601b7, type: 3}
      propertyPath: m_LocalPosition.z
      value: 0
      objectReference: {fileID: 0}
    - target: {fileID: 7201319472076609186, guid: 25570508c10682f47a5337d9f97601b7, type: 3}
      propertyPath: m_LocalRotation.w
      value: 1
      objectReference: {fileID: 0}
    - target: {fileID: 7201319472076609186, guid: 25570508c10682f47a5337d9f97601b7, type: 3}
      propertyPath: m_LocalRotation.x
      value: -0
      objectReference: {fileID: 0}
    - target: {fileID: 7201319472076609186, guid: 25570508c10682f47a5337d9f97601b7, type: 3}
      propertyPath: m_LocalRotation.y
      value: -0
      objectReference: {fileID: 0}
    - target: {fileID: 7201319472076609186, guid: 25570508c10682f47a5337d9f97601b7, type: 3}
      propertyPath: m_LocalRotation.z
      value: -0
      objectReference: {fileID: 0}
    - target: {fileID: 7201319472076609186, guid: 25570508c10682f47a5337d9f97601b7, type: 3}
      propertyPath: m_AnchoredPosition.x
      value: 0
      objectReference: {fileID: 0}
    - target: {fileID: 7201319472076609186, guid: 25570508c10682f47a5337d9f97601b7, type: 3}
      propertyPath: m_AnchoredPosition.y
      value: 0
      objectReference: {fileID: 0}
    - target: {fileID: 7201319472076609186, guid: 25570508c10682f47a5337d9f97601b7, type: 3}
      propertyPath: m_LocalEulerAnglesHint.x
      value: 0
      objectReference: {fileID: 0}
    - target: {fileID: 7201319472076609186, guid: 25570508c10682f47a5337d9f97601b7, type: 3}
      propertyPath: m_LocalEulerAnglesHint.y
      value: 0
      objectReference: {fileID: 0}
    - target: {fileID: 7201319472076609186, guid: 25570508c10682f47a5337d9f97601b7, type: 3}
      propertyPath: m_LocalEulerAnglesHint.z
      value: 0
      objectReference: {fileID: 0}
    - target: {fileID: 7201319472076609187, guid: 25570508c10682f47a5337d9f97601b7, type: 3}
      propertyPath: m_OnClick.m_PersistentCalls.m_Calls.Array.size
      value: 1
      objectReference: {fileID: 0}
    - target: {fileID: 7201319472076609187, guid: 25570508c10682f47a5337d9f97601b7, type: 3}
      propertyPath: m_OnClick.m_PersistentCalls.m_Calls.Array.data[0].m_Mode
      value: 1
      objectReference: {fileID: 0}
    - target: {fileID: 7201319472076609187, guid: 25570508c10682f47a5337d9f97601b7, type: 3}
      propertyPath: m_OnClick.m_PersistentCalls.m_Calls.Array.data[0].m_CallState
      value: 2
      objectReference: {fileID: 0}
    - target: {fileID: 7201319472076609187, guid: 25570508c10682f47a5337d9f97601b7, type: 3}
      propertyPath: m_OnClick.m_PersistentCalls.m_Calls.Array.data[0].m_MethodName
      value: Accept
      objectReference: {fileID: 0}
    - target: {fileID: 7201319472076609187, guid: 25570508c10682f47a5337d9f97601b7, type: 3}
      propertyPath: m_OnClick.m_PersistentCalls.m_Calls.Array.data[0].m_TargetAssemblyTypeName
      value: BombGame.AddFriendRequestInfoIndicator, Assembly-CSharp-firstpass
      objectReference: {fileID: 0}
    - target: {fileID: 7201319472076609187, guid: 25570508c10682f47a5337d9f97601b7, type: 3}
      propertyPath: m_OnClick.m_PersistentCalls.m_Calls.Array.data[0].m_Arguments.m_ObjectArgumentAssemblyTypeName
      value: UnityEngine.Object, UnityEngine
      objectReference: {fileID: 0}
    - target: {fileID: 7201319472076609213, guid: 25570508c10682f47a5337d9f97601b7, type: 3}
      propertyPath: m_Name
      value: Accept Button
      objectReference: {fileID: 0}
    m_RemovedComponents: []
    m_RemovedGameObjects: []
    m_AddedGameObjects:
    - targetCorrespondingSourceObject: {fileID: 7201319472076609186, guid: 25570508c10682f47a5337d9f97601b7, type: 3}
      insertIndex: -1
      addedObject: {fileID: 4042550012698106274}
    m_AddedComponents:
    - targetCorrespondingSourceObject: {fileID: 7201319472076609213, guid: 25570508c10682f47a5337d9f97601b7, type: 3}
      insertIndex: -1
      addedObject: {fileID: 9085037583673672843}
  m_SourcePrefab: {fileID: 100100000, guid: 25570508c10682f47a5337d9f97601b7, type: 3}
--- !u!1 &4593620562970939630 stripped
GameObject:
  m_CorrespondingSourceObject: {fileID: 7201319472076609213, guid: 25570508c10682f47a5337d9f97601b7, type: 3}
  m_PrefabInstance: {fileID: 6651790775533880915}
  m_PrefabAsset: {fileID: 0}
--- !u!114 &9085037583673672843
MonoBehaviour:
  m_ObjectHideFlags: 0
  m_CorrespondingSourceObject: {fileID: 0}
  m_PrefabInstance: {fileID: 0}
  m_PrefabAsset: {fileID: 0}
  m_GameObject: {fileID: 4593620562970939630}
  m_Enabled: 1
  m_EditorHideFlags: 0
  m_Script: {fileID: 11500000, guid: 306cc8c2b49d7114eaa3623786fc2126, type: 3}
  m_Name: 
  m_EditorClassIdentifier: 
  m_IgnoreLayout: 0
  m_MinWidth: -1
  m_MinHeight: -1
  m_PreferredWidth: 50
  m_PreferredHeight: -1
  m_FlexibleWidth: -1
  m_FlexibleHeight: -1
  m_LayoutPriority: 1
--- !u!224 &4593620562970939633 stripped
RectTransform:
  m_CorrespondingSourceObject: {fileID: 7201319472076609186, guid: 25570508c10682f47a5337d9f97601b7, type: 3}
  m_PrefabInstance: {fileID: 6651790775533880915}
  m_PrefabAsset: {fileID: 0}
