%YAML 1.1
%TAG !u! tag:unity3d.com,2011:
--- !u!1 &6408153972643635853
GameObject:
  m_ObjectHideFlags: 0
  m_CorrespondingSourceObject: {fileID: 0}
  m_PrefabInstance: {fileID: 0}
  m_PrefabAsset: {fileID: 0}
  serializedVersion: 6
  m_Component:
  - component: {fileID: 8115451053012225494}
  - component: {fileID: 2029351010546421823}
  - component: {fileID: 8241396252914369050}
  - component: {fileID: 9031311796421783367}
  m_Layer: 5
  m_Name: Scoreboard Entry
  m_TagString: Untagged
  m_Icon: {fileID: 0}
  m_NavMeshLayer: 0
  m_StaticEditorFlags: 0
  m_IsActive: 1
--- !u!224 &8115451053012225494
RectTransform:
  m_ObjectHideFlags: 0
  m_CorrespondingSourceObject: {fileID: 0}
  m_PrefabInstance: {fileID: 0}
  m_PrefabAsset: {fileID: 0}
  m_GameObject: {fileID: 6408153972643635853}
  m_LocalRotation: {x: 0, y: 0, z: 0, w: 1}
  m_LocalPosition: {x: 0, y: 0, z: 0}
  m_LocalScale: {x: 1, y: 1, z: 1}
  m_ConstrainProportionsScale: 0
  m_Children:
  - {fileID: 6294085607861006594}
  m_Father: {fileID: 0}
  m_RootOrder: -1
  m_LocalEulerAnglesHint: {x: 0, y: 0, z: 0}
  m_AnchorMin: {x: 0, y: 0}
  m_AnchorMax: {x: 0, y: 0}
  m_AnchoredPosition: {x: 0, y: 0}
  m_SizeDelta: {x: 0, y: 25}
  m_Pivot: {x: 0.5, y: 0.5}
--- !u!222 &2029351010546421823
CanvasRenderer:
  m_ObjectHideFlags: 0
  m_CorrespondingSourceObject: {fileID: 0}
  m_PrefabInstance: {fileID: 0}
  m_PrefabAsset: {fileID: 0}
  m_GameObject: {fileID: 6408153972643635853}
  m_CullTransparentMesh: 1
--- !u!114 &8241396252914369050
MonoBehaviour:
  m_ObjectHideFlags: 0
  m_CorrespondingSourceObject: {fileID: 0}
  m_PrefabInstance: {fileID: 0}
  m_PrefabAsset: {fileID: 0}
  m_GameObject: {fileID: 6408153972643635853}
  m_Enabled: 1
  m_EditorHideFlags: 0
  m_Script: {fileID: 11500000, guid: fe87c0e1cc204ed48ad3b37840f39efc, type: 3}
  m_Name: 
  m_EditorClassIdentifier: 
  m_Material: {fileID: 0}
  m_Color: {r: 1, g: 1, b: 1, a: 1}
  m_RaycastTarget: 0
  m_RaycastPadding: {x: 0, y: 0, z: 0, w: 0}
  m_Maskable: 0
  m_OnCullStateChanged:
    m_PersistentCalls:
      m_Calls: []
  m_Sprite: {fileID: 0}
  m_Type: 0
  m_PreserveAspect: 0
  m_FillCenter: 1
  m_FillMethod: 4
  m_FillAmount: 1
  m_FillClockwise: 1
  m_FillOrigin: 0
  m_UseSpriteMesh: 0
  m_PixelsPerUnitMultiplier: 1
--- !u!114 &9031311796421783367
MonoBehaviour:
  m_ObjectHideFlags: 0
  m_CorrespondingSourceObject: {fileID: 0}
  m_PrefabInstance: {fileID: 0}
  m_PrefabAsset: {fileID: 0}
  m_GameObject: {fileID: 6408153972643635853}
  m_Enabled: 1
  m_EditorHideFlags: 0
  m_Script: {fileID: 11500000, guid: 1c3b95d489972e84faf8eb01bb409e7f, type: 3}
  m_Name: 
  m_EditorClassIdentifier: 
  trs: {fileID: 8115451053012225494}
  scoreText: {fileID: 8050947685115412087}
  teamColorIndicator: {fileID: 8241396252914369050}
--- !u!1001 &4290756131711991857
PrefabInstance:
  m_ObjectHideFlags: 0
  serializedVersion: 2
  m_Modification:
    serializedVersion: 3
    m_TransformParent: {fileID: 8115451053012225494}
    m_Modifications:
    - target: {fileID: 6066741998491762246, guid: 36eec8b90eadade419ca4005f32e6e75, type: 3}
      propertyPath: text
      value: 0
      objectReference: {fileID: 0}
    - target: {fileID: 7841548105457725746, guid: 36eec8b90eadade419ca4005f32e6e75, type: 3}
      propertyPath: m_Name
      value: Text
      objectReference: {fileID: 0}
    - target: {fileID: 7841548105457725747, guid: 36eec8b90eadade419ca4005f32e6e75, type: 3}
      propertyPath: m_Pivot.x
      value: 0.5
      objectReference: {fileID: 0}
    - target: {fileID: 7841548105457725747, guid: 36eec8b90eadade419ca4005f32e6e75, type: 3}
      propertyPath: m_Pivot.y
      value: 0.5
      objectReference: {fileID: 0}
    - target: {fileID: 7841548105457725747, guid: 36eec8b90eadade419ca4005f32e6e75, type: 3}
      propertyPath: m_RootOrder
      value: -1
      objectReference: {fileID: 0}
    - target: {fileID: 7841548105457725747, guid: 36eec8b90eadade419ca4005f32e6e75, type: 3}
      propertyPath: m_AnchorMax.x
      value: 1
      objectReference: {fileID: 0}
    - target: {fileID: 7841548105457725747, guid: 36eec8b90eadade419ca4005f32e6e75, type: 3}
      propertyPath: m_AnchorMax.y
      value: 1
      objectReference: {fileID: 0}
    - target: {fileID: 7841548105457725747, guid: 36eec8b90eadade419ca4005f32e6e75, type: 3}
      propertyPath: m_AnchorMin.x
      value: 0
      objectReference: {fileID: 0}
    - target: {fileID: 7841548105457725747, guid: 36eec8b90eadade419ca4005f32e6e75, type: 3}
      propertyPath: m_AnchorMin.y
      value: 0
      objectReference: {fileID: 0}
    - target: {fileID: 7841548105457725747, guid: 36eec8b90eadade419ca4005f32e6e75, type: 3}
      propertyPath: m_SizeDelta.x
      value: -10
      objectReference: {fileID: 0}
    - target: {fileID: 7841548105457725747, guid: 36eec8b90eadade419ca4005f32e6e75, type: 3}
      propertyPath: m_SizeDelta.y
      value: -10
      objectReference: {fileID: 0}
    - target: {fileID: 7841548105457725747, guid: 36eec8b90eadade419ca4005f32e6e75, type: 3}
      propertyPath: m_LocalPosition.x
      value: 0
      objectReference: {fileID: 0}
    - target: {fileID: 7841548105457725747, guid: 36eec8b90eadade419ca4005f32e6e75, type: 3}
      propertyPath: m_LocalPosition.y
      value: 0
      objectReference: {fileID: 0}
    - target: {fileID: 7841548105457725747, guid: 36eec8b90eadade419ca4005f32e6e75, type: 3}
      propertyPath: m_LocalPosition.z
      value: 0
      objectReference: {fileID: 0}
    - target: {fileID: 7841548105457725747, guid: 36eec8b90eadade419ca4005f32e6e75, type: 3}
      propertyPath: m_LocalRotation.w
      value: 1
      objectReference: {fileID: 0}
    - target: {fileID: 7841548105457725747, guid: 36eec8b90eadade419ca4005f32e6e75, type: 3}
      propertyPath: m_LocalRotation.x
      value: 0
      objectReference: {fileID: 0}
    - target: {fileID: 7841548105457725747, guid: 36eec8b90eadade419ca4005f32e6e75, type: 3}
      propertyPath: m_LocalRotation.y
      value: 0
      objectReference: {fileID: 0}
    - target: {fileID: 7841548105457725747, guid: 36eec8b90eadade419ca4005f32e6e75, type: 3}
      propertyPath: m_LocalRotation.z
      value: 0
      objectReference: {fileID: 0}
    - target: {fileID: 7841548105457725747, guid: 36eec8b90eadade419ca4005f32e6e75, type: 3}
      propertyPath: m_AnchoredPosition.x
      value: 0
      objectReference: {fileID: 0}
    - target: {fileID: 7841548105457725747, guid: 36eec8b90eadade419ca4005f32e6e75, type: 3}
      propertyPath: m_AnchoredPosition.y
      value: 0
      objectReference: {fileID: 0}
    - target: {fileID: 7841548105457725747, guid: 36eec8b90eadade419ca4005f32e6e75, type: 3}
      propertyPath: m_LocalEulerAnglesHint.x
      value: 0
      objectReference: {fileID: 0}
    - target: {fileID: 7841548105457725747, guid: 36eec8b90eadade419ca4005f32e6e75, type: 3}
      propertyPath: m_LocalEulerAnglesHint.y
      value: 0
      objectReference: {fileID: 0}
    - target: {fileID: 7841548105457725747, guid: 36eec8b90eadade419ca4005f32e6e75, type: 3}
      propertyPath: m_LocalEulerAnglesHint.z
      value: 0
      objectReference: {fileID: 0}
    m_RemovedComponents: []
    m_RemovedGameObjects: []
    m_AddedGameObjects: []
    m_AddedComponents: []
  m_SourcePrefab: {fileID: 100100000, guid: 36eec8b90eadade419ca4005f32e6e75, type: 3}
--- !u!224 &6294085607861006594 stripped
RectTransform:
  m_CorrespondingSourceObject: {fileID: 7841548105457725747, guid: 36eec8b90eadade419ca4005f32e6e75, type: 3}
  m_PrefabInstance: {fileID: 4290756131711991857}
  m_PrefabAsset: {fileID: 0}
--- !u!114 &8050947685115412087 stripped
MonoBehaviour:
  m_CorrespondingSourceObject: {fileID: 6066741998491762246, guid: 36eec8b90eadade419ca4005f32e6e75, type: 3}
  m_PrefabInstance: {fileID: 4290756131711991857}
  m_PrefabAsset: {fileID: 0}
  m_GameObject: {fileID: 0}
  m_Enabled: 1
  m_EditorHideFlags: 0
  m_Script: {fileID: 11500000, guid: f4de3e699b9fb1c458cd7020b7936e50, type: 3}
  m_Name: 
  m_EditorClassIdentifier: 
