%YAML 1.1
%TAG !u! tag:unity3d.com,2011:
--- !u!1 &201266655154513426
GameObject:
  m_ObjectHideFlags: 0
  m_CorrespondingSourceObject: {fileID: 0}
  m_PrefabInstance: {fileID: 0}
  m_PrefabAsset: {fileID: 0}
  serializedVersion: 6
  m_Component:
  - component: {fileID: 1817214774177366960}
  - component: {fileID: 7153836924109218131}
  - component: {fileID: 6714491129562030192}
  - component: {fileID: 238364583839726595}
  - component: {fileID: 726010737120822349}
  - component: {fileID: 5320301487657657275}
  - component: {fileID: 8120874289343878071}
  - component: {fileID: 7774887649815720236}
  m_Layer: 16
  m_Name: Shooter Trap
  m_TagString: Untagged
  m_Icon: {fileID: 0}
  m_NavMeshLayer: 0
  m_StaticEditorFlags: 0
  m_IsActive: 1
--- !u!4 &1817214774177366960
Transform:
  m_ObjectHideFlags: 0
  m_CorrespondingSourceObject: {fileID: 0}
  m_PrefabInstance: {fileID: 0}
  m_PrefabAsset: {fileID: 0}
  m_GameObject: {fileID: 201266655154513426}
  serializedVersion: 2
  m_LocalRotation: {x: 0, y: 0, z: 0, w: 1}
  m_LocalPosition: {x: -75, y: -81, z: 0}
  m_LocalScale: {x: 0.5243394, y: 1, z: 1}
  m_ConstrainProportionsScale: 0
  m_Children:
  - {fileID: 422806179672974059}
  m_Father: {fileID: 0}
  m_LocalEulerAnglesHint: {x: 0, y: 0, z: 0}
--- !u!114 &7153836924109218131
MonoBehaviour:
  m_ObjectHideFlags: 0
  m_CorrespondingSourceObject: {fileID: 0}
  m_PrefabInstance: {fileID: 0}
  m_PrefabAsset: {fileID: 0}
  m_GameObject: {fileID: 201266655154513426}
  m_Enabled: 1
  m_EditorHideFlags: 0
  m_Script: {fileID: 11500000, guid: 42d7758aa0d5014489ebb622a2161db2, type: 3}
  m_Name: 
  m_EditorClassIdentifier: 
  bulletPatternEntry:
    name: Shoot Where Facing
    bulletPattern: {fileID: 11400000, guid: 8e2aa30f7cd46bf4782665e119e53fd8, type: 2}
    bulletPrefab: {fileID: 4231531338650731015, guid: c1dae601ddb8f3e45b22ca0bcea1b3b7, type: 3}
    spawner: {fileID: 422806179672974059}
  animator: {fileID: 6714491129562030192}
  collider: {fileID: 238364583839726595}
  prewarmTime: 0
--- !u!95 &6714491129562030192
Animator:
  serializedVersion: 7
  m_ObjectHideFlags: 0
  m_CorrespondingSourceObject: {fileID: 0}
  m_PrefabInstance: {fileID: 0}
  m_PrefabAsset: {fileID: 0}
  m_GameObject: {fileID: 201266655154513426}
  m_Enabled: 1
  m_Avatar: {fileID: 0}
  m_Controller: {fileID: 9100000, guid: 0a6a528c59b4b3446a2e1832fbcdb3ab, type: 2}
  m_CullingMode: 0
  m_UpdateMode: 0
  m_ApplyRootMotion: 0
  m_LinearVelocityBlending: 0
  m_StabilizeFeet: 0
  m_AnimatePhysics: 0
  m_WarningMessage: 
  m_HasTransformHierarchy: 1
  m_AllowConstantClipSamplingOptimization: 1
  m_KeepAnimatorStateOnDisable: 0
  m_WriteDefaultValuesOnDisable: 0
--- !u!60 &238364583839726595
PolygonCollider2D:
  m_ObjectHideFlags: 0
  m_CorrespondingSourceObject: {fileID: 0}
  m_PrefabInstance: {fileID: 0}
  m_PrefabAsset: {fileID: 0}
  m_GameObject: {fileID: 201266655154513426}
  m_Enabled: 1
  serializedVersion: 3
  m_Density: 1
  m_Material: {fileID: 0}
  m_IncludeLayers:
    serializedVersion: 2
    m_Bits: 0
  m_ExcludeLayers:
    serializedVersion: 2
    m_Bits: 0
  m_LayerOverridePriority: 0
  m_ForceSendLayers:
    serializedVersion: 2
    m_Bits: 4294967295
  m_ForceReceiveLayers:
    serializedVersion: 2
    m_Bits: 4294967295
  m_ContactCaptureLayers:
    serializedVersion: 2
    m_Bits: 4294967295
  m_CallbackLayers:
    serializedVersion: 2
    m_Bits: 4294967295
  m_IsTrigger: 0
  m_UsedByEffector: 0
  m_CompositeOperation: 0
  m_CompositeOrder: 0
  m_Offset: {x: 0, y: 0}
  m_SpriteTilingProperty:
    border: {x: 0, y: 0, z: 0, w: 0}
    pivot: {x: 0.5, y: 0.5}
    oldSize: {x: 0.5243394, y: 1}
    newSize: {x: 0.5243394, y: 1}
    adaptiveTilingThreshold: 0.5
    drawMode: 0
    adaptiveTiling: 0
  m_AutoTiling: 0
  m_Points:
    m_Paths:
    - - {x: -0.46677974, y: 0.4451599}
      - {x: -0.50327235, y: 0.3802719}
      - {x: -0.48233423, y: 0.2975235}
      - {x: -0.3858208, y: 0.24651337}
      - {x: -0.24361888, y: 0.22206116}
      - {x: -0.13574153, y: 0.16368103}
      - {x: -0.06312003, y: 0.08906555}
      - {x: -0.027180318, y: -0.20542145}
      - {x: -0.075429745, y: -0.20014954}
      - {x: -0.054069623, y: -0.30338287}
      - {x: -0.06729602, y: -0.39499664}
      - {x: -0.0710646, y: -0.5000305}
      - {x: 0.052352667, y: -0.5000458}
      - {x: 0.09684807, y: -0.34601593}
      - {x: 0.079329275, y: -0.14635468}
      - {x: 0.055219114, y: -0.13052368}
      - {x: 0.05454979, y: 0.10689545}
      - {x: 0.14786209, y: 0.2104187}
      - {x: 0.35363513, y: 0.26930237}
      - {x: 0.44799507, y: 0.32178497}
      - {x: 0.5005223, y: 0.4285202}
      - {x: 0.49208304, y: 0.4923172}
      - {x: 0.47636852, y: 0.50027466}
      - {x: 0.013910269, y: 0.45950317}
      - {x: -0.39974564, y: 0.48158264}
  m_UseDelaunayMesh: 0
--- !u!114 &726010737120822349
MonoBehaviour:
  m_ObjectHideFlags: 0
  m_CorrespondingSourceObject: {fileID: 0}
  m_PrefabInstance: {fileID: 0}
  m_PrefabAsset: {fileID: 0}
  m_GameObject: {fileID: 201266655154513426}
  m_Enabled: 1
  m_EditorHideFlags: 0
  m_Script: {fileID: 11500000, guid: ff1632c2c2b00ea4fab1251e56673c90, type: 3}
  m_Name: 
  m_EditorClassIdentifier: 
  trs: {fileID: 1817214774177366960}
  pieceIAmIn: {fileID: 0}
  duplicate: {fileID: 0}
  objectsToLoadAndUnloadWithMe: []
  dontUnloadAfterLoad: 0
--- !u!114 &5320301487657657275
MonoBehaviour:
  m_ObjectHideFlags: 0
  m_CorrespondingSourceObject: {fileID: 0}
  m_PrefabInstance: {fileID: 0}
  m_PrefabAsset: {fileID: 0}
  m_GameObject: {fileID: 201266655154513426}
  m_Enabled: 1
  m_EditorHideFlags: 0
  m_Script: {fileID: 11500000, guid: fd85dd4114ecdc845a171ded652028d2, type: 3}
  m_Name: 
  m_EditorClassIdentifier: 
  meshFilter: {fileID: 8120874289343878071}
  previousCollider: {fileID: 238364583839726595}
  polygonCollider: {fileID: 238364583839726595}
  shape:
    corners:
    - {x: -0.46677974, y: 0.4451599}
    - {x: -0.50327235, y: 0.3802719}
    - {x: -0.48233423, y: 0.2975235}
    - {x: -0.3858208, y: 0.24651337}
    - {x: -0.24361888, y: 0.22206116}
    - {x: -0.13574153, y: 0.16368103}
    - {x: -0.06312003, y: 0.08906555}
    - {x: -0.027180318, y: -0.20542145}
    - {x: -0.075429745, y: -0.20014954}
    - {x: -0.054069623, y: -0.30338287}
    - {x: -0.06729602, y: -0.39499664}
    - {x: -0.0710646, y: -0.5000305}
    - {x: 0.052352667, y: -0.5000458}
    - {x: 0.09684807, y: -0.34601593}
    - {x: 0.079329275, y: -0.14635468}
    - {x: 0.055219114, y: -0.13052368}
    - {x: 0.05454979, y: 0.10689545}
    - {x: 0.14786209, y: 0.2104187}
    - {x: 0.35363513, y: 0.26930237}
    - {x: 0.44799507, y: 0.32178497}
    - {x: 0.5005223, y: 0.4285202}
    - {x: 0.49208304, y: 0.4923172}
    - {x: 0.47636852, y: 0.50027466}
    - {x: 0.013910269, y: 0.45950317}
    - {x: -0.39974564, y: 0.48158264}
    edges:
    - start: {x: -0.39974564, y: 0.48158264}
      end: {x: -0.46677974, y: 0.4451599}
    - start: {x: -0.46677974, y: 0.4451599}
      end: {x: -0.50327235, y: 0.3802719}
    - start: {x: -0.50327235, y: 0.3802719}
      end: {x: -0.48233423, y: 0.2975235}
    - start: {x: -0.48233423, y: 0.2975235}
      end: {x: -0.3858208, y: 0.24651337}
    - start: {x: -0.3858208, y: 0.24651337}
      end: {x: -0.24361888, y: 0.22206116}
    - start: {x: -0.24361888, y: 0.22206116}
      end: {x: -0.13574153, y: 0.16368103}
    - start: {x: -0.13574153, y: 0.16368103}
      end: {x: -0.06312003, y: 0.08906555}
    - start: {x: -0.06312003, y: 0.08906555}
      end: {x: -0.027180318, y: -0.20542145}
    - start: {x: -0.027180318, y: -0.20542145}
      end: {x: -0.075429745, y: -0.20014954}
    - start: {x: -0.075429745, y: -0.20014954}
      end: {x: -0.054069623, y: -0.30338287}
    - start: {x: -0.054069623, y: -0.30338287}
      end: {x: -0.06729602, y: -0.39499664}
    - start: {x: -0.06729602, y: -0.39499664}
      end: {x: -0.0710646, y: -0.5000305}
    - start: {x: -0.0710646, y: -0.5000305}
      end: {x: 0.052352667, y: -0.5000458}
    - start: {x: 0.052352667, y: -0.5000458}
      end: {x: 0.09684807, y: -0.34601593}
    - start: {x: 0.09684807, y: -0.34601593}
      end: {x: 0.079329275, y: -0.14635468}
    - start: {x: 0.079329275, y: -0.14635468}
      end: {x: 0.055219114, y: -0.13052368}
    - start: {x: 0.055219114, y: -0.13052368}
      end: {x: 0.05454979, y: 0.10689545}
    - start: {x: 0.05454979, y: 0.10689545}
      end: {x: 0.14786209, y: 0.2104187}
    - start: {x: 0.14786209, y: 0.2104187}
      end: {x: 0.35363513, y: 0.26930237}
    - start: {x: 0.35363513, y: 0.26930237}
      end: {x: 0.44799507, y: 0.32178497}
    - start: {x: 0.44799507, y: 0.32178497}
      end: {x: 0.5005223, y: 0.4285202}
    - start: {x: 0.5005223, y: 0.4285202}
      end: {x: 0.49208304, y: 0.4923172}
    - start: {x: 0.49208304, y: 0.4923172}
      end: {x: 0.47636852, y: 0.50027466}
    - start: {x: 0.47636852, y: 0.50027466}
      end: {x: 0.013910269, y: 0.45950317}
    - start: {x: 0.013910269, y: 0.45950317}
      end: {x: -0.39974564, y: 0.48158264}
  trs: {fileID: 1817214774177366960}
  riftKillsMe: 0
--- !u!33 &8120874289343878071
MeshFilter:
  m_ObjectHideFlags: 0
  m_CorrespondingSourceObject: {fileID: 0}
  m_PrefabInstance: {fileID: 0}
  m_PrefabAsset: {fileID: 0}
  m_GameObject: {fileID: 201266655154513426}
  m_Mesh: {fileID: 10210, guid: 0000000000000000e000000000000000, type: 0}
--- !u!23 &7774887649815720236
MeshRenderer:
  m_ObjectHideFlags: 0
  m_CorrespondingSourceObject: {fileID: 0}
  m_PrefabInstance: {fileID: 0}
  m_PrefabAsset: {fileID: 0}
  m_GameObject: {fileID: 201266655154513426}
  m_Enabled: 1
  m_CastShadows: 0
  m_ReceiveShadows: 1
  m_DynamicOccludee: 1
  m_StaticShadowCaster: 0
  m_MotionVectors: 2
  m_LightProbeUsage: 0
  m_ReflectionProbeUsage: 1
  m_RayTracingMode: 2
  m_RayTraceProcedural: 0
  m_RayTracingAccelStructBuildFlagsOverride: 0
  m_RayTracingAccelStructBuildFlags: 1
  m_RenderingLayerMask: 1
  m_RendererPriority: 0
  m_Materials:
  - {fileID: 2100000, guid: 1d662575a723c5347b020a9183f85191, type: 2}
  m_StaticBatchInfo:
    firstSubMesh: 0
    subMeshCount: 0
  m_StaticBatchRoot: {fileID: 0}
  m_ProbeAnchor: {fileID: 0}
  m_LightProbeVolumeOverride: {fileID: 0}
  m_ScaleInLightmap: 1
  m_ReceiveGI: 1
  m_PreserveUVs: 0
  m_IgnoreNormalsForChartDetection: 0
  m_ImportantGI: 0
  m_StitchLightmapSeams: 1
  m_SelectedEditorRenderState: 3
  m_MinimumChartSize: 4
  m_AutoUVMaxDistance: 0.5
  m_AutoUVMaxAngle: 89
  m_LightmapParameters: {fileID: 0}
  m_SortingLayerID: 0
  m_SortingLayer: 0
  m_SortingOrder: 0
  m_AdditionalVertexStreams: {fileID: 0}
--- !u!1 &4084227777874665933
GameObject:
  m_ObjectHideFlags: 0
  m_CorrespondingSourceObject: {fileID: 0}
  m_PrefabInstance: {fileID: 0}
  m_PrefabAsset: {fileID: 0}
  serializedVersion: 6
  m_Component:
  - component: {fileID: 422806179672974059}
  m_Layer: 16
  m_Name: Bullet Spawner
  m_TagString: Untagged
  m_Icon: {fileID: 0}
  m_NavMeshLayer: 0
  m_StaticEditorFlags: 0
  m_IsActive: 1
--- !u!4 &422806179672974059
Transform:
  m_ObjectHideFlags: 0
  m_CorrespondingSourceObject: {fileID: 0}
  m_PrefabInstance: {fileID: 0}
  m_PrefabAsset: {fileID: 0}
  m_GameObject: {fileID: 4084227777874665933}
  serializedVersion: 2
  m_LocalRotation: {x: 0, y: 0, z: 0, w: 1}
  m_LocalPosition: {x: 0, y: 0.415, z: 0}
  m_LocalScale: {x: 1, y: 1, z: 1}
  m_ConstrainProportionsScale: 0
  m_Children: []
  m_Father: {fileID: 1817214774177366960}
  m_LocalEulerAnglesHint: {x: 0, y: 0, z: 0}
