%YAML 1.1
%TAG !u! tag:unity3d.com,2011:
--- !u!1 &1510912706257603048
GameObject:
  m_ObjectHideFlags: 0
  m_CorrespondingSourceObject: {fileID: 0}
  m_PrefabInstance: {fileID: 0}
  m_PrefabAsset: {fileID: 0}
  serializedVersion: 6
  m_Component:
  - component: {fileID: 8449298789582489738}
  - component: {fileID: 3519153858699546801}
  m_Layer: 0
  m_Name: Toxic Icon
  m_TagString: Untagged
  m_Icon: {fileID: 0}
  m_NavMeshLayer: 0
  m_StaticEditorFlags: 0
  m_IsActive: 1
--- !u!4 &8449298789582489738
Transform:
  m_ObjectHideFlags: 0
  m_CorrespondingSourceObject: {fileID: 0}
  m_PrefabInstance: {fileID: 0}
  m_PrefabAsset: {fileID: 0}
  m_GameObject: {fileID: 1510912706257603048}
  serializedVersion: 2
  m_LocalRotation: {x: -0, y: -0, z: -0, w: 1}
  m_LocalPosition: {x: 0, y: 0, z: 0}
  m_LocalScale: {x: 0.45, y: 0.45, z: 1}
  m_ConstrainProportionsScale: 0
  m_Children: []
  m_Father: {fileID: 7861799231229696487}
  m_LocalEulerAnglesHint: {x: 0, y: 0, z: 0}
--- !u!212 &3519153858699546801
SpriteRenderer:
  m_ObjectHideFlags: 0
  m_CorrespondingSourceObject: {fileID: 0}
  m_PrefabInstance: {fileID: 0}
  m_PrefabAsset: {fileID: 0}
  m_GameObject: {fileID: 1510912706257603048}
  m_Enabled: 1
  m_CastShadows: 0
  m_ReceiveShadows: 0
  m_DynamicOccludee: 1
  m_StaticShadowCaster: 0
  m_MotionVectors: 1
  m_LightProbeUsage: 1
  m_ReflectionProbeUsage: 1
  m_RayTracingMode: 0
  m_RayTraceProcedural: 0
  m_RayTracingAccelStructBuildFlagsOverride: 0
  m_RayTracingAccelStructBuildFlags: 1
  m_SmallMeshCulling: 1
  m_RenderingLayerMask: 1
  m_RendererPriority: 0
  m_Materials:
  - {fileID: 10754, guid: 0000000000000000f000000000000000, type: 0}
  m_StaticBatchInfo:
    firstSubMesh: 0
    subMeshCount: 0
  m_StaticBatchRoot: {fileID: 0}
  m_ProbeAnchor: {fileID: 0}
  m_LightProbeVolumeOverride: {fileID: 0}
  m_ScaleInLightmap: 1
  m_ReceiveGI: 1
  m_PreserveUVs: 0
  m_IgnoreNormalsForChartDetection: 0
  m_ImportantGI: 0
  m_StitchLightmapSeams: 1
  m_SelectedEditorRenderState: 0
  m_MinimumChartSize: 4
  m_AutoUVMaxDistance: 0.5
  m_AutoUVMaxAngle: 89
  m_LightmapParameters: {fileID: 0}
  m_SortingLayerID: 0
  m_SortingLayer: 0
  m_SortingOrder: 101
  m_Sprite: {fileID: 21300000, guid: 33d9b4cffc42287499de9854e1d4ee2b, type: 3}
  m_Color: {r: 1, g: 1, b: 1, a: 1}
  m_FlipX: 0
  m_FlipY: 0
  m_DrawMode: 0
  m_Size: {x: 1, y: 1}
  m_AdaptiveModeThreshold: 0.5
  m_SpriteTileMode: 0
  m_WasSpriteAssigned: 1
  m_MaskInteraction: 0
  m_SpriteSortPoint: 0
--- !u!1 &1818847787053652587
GameObject:
  m_ObjectHideFlags: 0
  m_CorrespondingSourceObject: {fileID: 0}
  m_PrefabInstance: {fileID: 0}
  m_PrefabAsset: {fileID: 0}
  serializedVersion: 6
  m_Component:
  - component: {fileID: 1572973788740590229}
  - component: {fileID: 6479353428008862985}
  - component: {fileID: 3302268569590202969}
  - component: {fileID: 1222892289564331221}
  - component: {fileID: 7731618376605577353}
  m_Layer: 8
  m_Name: Poison Cloud
  m_TagString: Untagged
  m_Icon: {fileID: 0}
  m_NavMeshLayer: 0
  m_StaticEditorFlags: 0
  m_IsActive: 0
--- !u!4 &1572973788740590229
Transform:
  m_ObjectHideFlags: 0
  m_CorrespondingSourceObject: {fileID: 0}
  m_PrefabInstance: {fileID: 0}
  m_PrefabAsset: {fileID: 0}
  m_GameObject: {fileID: 1818847787053652587}
  serializedVersion: 2
  m_LocalRotation: {x: -0, y: -0, z: -0, w: 1}
  m_LocalPosition: {x: 0, y: 0, z: 0}
  m_LocalScale: {x: 6, y: 6, z: 3}
  m_ConstrainProportionsScale: 0
  m_Children:
  - {fileID: 8806121763587045281}
  m_Father: {fileID: 7861799231229696487}
  m_LocalEulerAnglesHint: {x: 0, y: 0, z: 0}
--- !u!212 &6479353428008862985
SpriteRenderer:
  m_ObjectHideFlags: 0
  m_CorrespondingSourceObject: {fileID: 0}
  m_PrefabInstance: {fileID: 0}
  m_PrefabAsset: {fileID: 0}
  m_GameObject: {fileID: 1818847787053652587}
  m_Enabled: 1
  m_CastShadows: 0
  m_ReceiveShadows: 0
  m_DynamicOccludee: 1
  m_StaticShadowCaster: 0
  m_MotionVectors: 1
  m_LightProbeUsage: 1
  m_ReflectionProbeUsage: 1
  m_RayTracingMode: 0
  m_RayTraceProcedural: 0
  m_RayTracingAccelStructBuildFlagsOverride: 0
  m_RayTracingAccelStructBuildFlags: 1
  m_SmallMeshCulling: 1
  m_RenderingLayerMask: 1
  m_RendererPriority: 0
  m_Materials:
  - {fileID: 2100000, guid: f7aaf4e7ff043314f8a3e53aee5619f3, type: 2}
  m_StaticBatchInfo:
    firstSubMesh: 0
    subMeshCount: 0
  m_StaticBatchRoot: {fileID: 0}
  m_ProbeAnchor: {fileID: 0}
  m_LightProbeVolumeOverride: {fileID: 0}
  m_ScaleInLightmap: 1
  m_ReceiveGI: 1
  m_PreserveUVs: 0
  m_IgnoreNormalsForChartDetection: 0
  m_ImportantGI: 0
  m_StitchLightmapSeams: 1
  m_SelectedEditorRenderState: 0
  m_MinimumChartSize: 4
  m_AutoUVMaxDistance: 0.5
  m_AutoUVMaxAngle: 89
  m_LightmapParameters: {fileID: 0}
  m_SortingLayerID: 0
  m_SortingLayer: 0
  m_SortingOrder: 200
  m_Sprite: {fileID: 21300000, guid: bcffab202d4c1104f9a52aacbdc7f0a3, type: 3}
  m_Color: {r: 1, g: 1, b: 1, a: 0.5019608}
  m_FlipX: 0
  m_FlipY: 0
  m_DrawMode: 0
  m_Size: {x: 1, y: 1}
  m_AdaptiveModeThreshold: 0.5
  m_SpriteTileMode: 0
  m_WasSpriteAssigned: 1
  m_MaskInteraction: 0
  m_SpriteSortPoint: 0
--- !u!114 &3302268569590202969
MonoBehaviour:
  m_ObjectHideFlags: 0
  m_CorrespondingSourceObject: {fileID: 0}
  m_PrefabInstance: {fileID: 0}
  m_PrefabAsset: {fileID: 0}
  m_GameObject: {fileID: 1818847787053652587}
  m_Enabled: 1
  m_EditorHideFlags: 0
  m_Script: {fileID: 11500000, guid: b8c68902d2e2871438455859ca53fb72, type: 3}
  m_Name: 
  m_EditorClassIdentifier: 
  trs: {fileID: 1572973788740590229}
  prefabIndex: -1
  damage: 1
  windSpeed: 0
  minRadiusFractionToNotKill: 1
  maxRadius: 1.5
  cameFrom: {fileID: 7428946044476295856}
  spriteMaskTrs: {fileID: 2134501566096572385}
  spriteMask: {fileID: 8034639377608691600}
  sortingOrderRange:
    min: 101
    max: 32766
  killZoneSpriteRenderer: {fileID: 6479353428008862985}
  windZoneSpriteRenderer: {fileID: 5472820524724848493}
  killZoneMaterial: {fileID: 2100000, guid: f7aaf4e7ff043314f8a3e53aee5619f3, type: 2}
  windZoneMaterial: {fileID: 2100000, guid: f7aaf4e7ff043314f8a3e53aee5619f3, type: 2}
  damageOverTime: 1
--- !u!58 &1222892289564331221
CircleCollider2D:
  m_ObjectHideFlags: 0
  m_CorrespondingSourceObject: {fileID: 0}
  m_PrefabInstance: {fileID: 0}
  m_PrefabAsset: {fileID: 0}
  m_GameObject: {fileID: 1818847787053652587}
  m_Enabled: 1
  serializedVersion: 3
  m_Density: 1
  m_Material: {fileID: 0}
  m_IncludeLayers:
    serializedVersion: 2
    m_Bits: 0
  m_ExcludeLayers:
    serializedVersion: 2
    m_Bits: 0
  m_LayerOverridePriority: 0
  m_ForceSendLayers:
    serializedVersion: 2
    m_Bits: 4294967295
  m_ForceReceiveLayers:
    serializedVersion: 2
    m_Bits: 4294967295
  m_ContactCaptureLayers:
    serializedVersion: 2
    m_Bits: 4294967295
  m_CallbackLayers:
    serializedVersion: 2
    m_Bits: 4294967295
  m_IsTrigger: 1
  m_UsedByEffector: 0
  m_CompositeOperation: 0
  m_CompositeOrder: 0
  m_Offset: {x: 0, y: 0}
  m_Radius: 0.505
--- !u!50 &7731618376605577353
Rigidbody2D:
  serializedVersion: 4
  m_ObjectHideFlags: 0
  m_CorrespondingSourceObject: {fileID: 0}
  m_PrefabInstance: {fileID: 0}
  m_PrefabAsset: {fileID: 0}
  m_GameObject: {fileID: 1818847787053652587}
  m_BodyType: 2
  m_Simulated: 1
  m_UseFullKinematicContacts: 1
  m_UseAutoMass: 0
  m_Mass: 1
  m_LinearDrag: 0
  m_AngularDrag: 0.05
  m_GravityScale: 1
  m_Material: {fileID: 0}
  m_IncludeLayers:
    serializedVersion: 2
    m_Bits: 0
  m_ExcludeLayers:
    serializedVersion: 2
    m_Bits: 0
  m_Interpolate: 0
  m_SleepingMode: 1
  m_CollisionDetection: 0
  m_Constraints: 0
--- !u!1 &5217875297147067731
GameObject:
  m_ObjectHideFlags: 0
  m_CorrespondingSourceObject: {fileID: 0}
  m_PrefabInstance: {fileID: 0}
  m_PrefabAsset: {fileID: 0}
  serializedVersion: 6
  m_Component:
  - component: {fileID: 8806121763587045281}
  - component: {fileID: 5472820524724848493}
  m_Layer: 8
  m_Name: Wind Zone
  m_TagString: Untagged
  m_Icon: {fileID: 0}
  m_NavMeshLayer: 0
  m_StaticEditorFlags: 0
  m_IsActive: 0
--- !u!4 &8806121763587045281
Transform:
  m_ObjectHideFlags: 0
  m_CorrespondingSourceObject: {fileID: 0}
  m_PrefabInstance: {fileID: 0}
  m_PrefabAsset: {fileID: 0}
  m_GameObject: {fileID: 5217875297147067731}
  serializedVersion: 2
  m_LocalRotation: {x: -0, y: -0, z: -0, w: 1}
  m_LocalPosition: {x: 0, y: 0, z: 0}
  m_LocalScale: {x: 1, y: 1, z: 1}
  m_ConstrainProportionsScale: 0
  m_Children: []
  m_Father: {fileID: 1572973788740590229}
  m_LocalEulerAnglesHint: {x: 0, y: 0, z: 0}
--- !u!212 &5472820524724848493
SpriteRenderer:
  m_ObjectHideFlags: 0
  m_CorrespondingSourceObject: {fileID: 0}
  m_PrefabInstance: {fileID: 0}
  m_PrefabAsset: {fileID: 0}
  m_GameObject: {fileID: 5217875297147067731}
  m_Enabled: 1
  m_CastShadows: 0
  m_ReceiveShadows: 0
  m_DynamicOccludee: 1
  m_StaticShadowCaster: 0
  m_MotionVectors: 1
  m_LightProbeUsage: 1
  m_ReflectionProbeUsage: 1
  m_RayTracingMode: 0
  m_RayTraceProcedural: 0
  m_RayTracingAccelStructBuildFlagsOverride: 0
  m_RayTracingAccelStructBuildFlags: 1
  m_SmallMeshCulling: 1
  m_RenderingLayerMask: 1
  m_RendererPriority: 0
  m_Materials:
  - {fileID: 2100000, guid: f7aaf4e7ff043314f8a3e53aee5619f3, type: 2}
  m_StaticBatchInfo:
    firstSubMesh: 0
    subMeshCount: 0
  m_StaticBatchRoot: {fileID: 0}
  m_ProbeAnchor: {fileID: 0}
  m_LightProbeVolumeOverride: {fileID: 0}
  m_ScaleInLightmap: 1
  m_ReceiveGI: 1
  m_PreserveUVs: 0
  m_IgnoreNormalsForChartDetection: 0
  m_ImportantGI: 0
  m_StitchLightmapSeams: 1
  m_SelectedEditorRenderState: 0
  m_MinimumChartSize: 4
  m_AutoUVMaxDistance: 0.5
  m_AutoUVMaxAngle: 89
  m_LightmapParameters: {fileID: 0}
  m_SortingLayerID: 0
  m_SortingLayer: 0
  m_SortingOrder: 200
  m_Sprite: {fileID: 21300000, guid: bcffab202d4c1104f9a52aacbdc7f0a3, type: 3}
  m_Color: {r: 1, g: 1, b: 1, a: 0.5019608}
  m_FlipX: 0
  m_FlipY: 0
  m_DrawMode: 0
  m_Size: {x: 1, y: 1}
  m_AdaptiveModeThreshold: 0.5
  m_SpriteTileMode: 0
  m_WasSpriteAssigned: 1
  m_MaskInteraction: 2
  m_SpriteSortPoint: 0
--- !u!1001 &2379491862255471920
PrefabInstance:
  m_ObjectHideFlags: 0
  serializedVersion: 2
  m_Modification:
    serializedVersion: 3
    m_TransformParent: {fileID: 0}
    m_Modifications:
    - target: {fileID: 269275544207778792, guid: 5c3e00ba2df4b774896eb6f6cee4b3d1, type: 3}
      propertyPath: m_LocalScale.x
      value: 0.5
      objectReference: {fileID: 0}
    - target: {fileID: 269275544207778792, guid: 5c3e00ba2df4b774896eb6f6cee4b3d1, type: 3}
      propertyPath: m_LocalScale.y
      value: 0.5
      objectReference: {fileID: 0}
    - target: {fileID: 269275544207778792, guid: 5c3e00ba2df4b774896eb6f6cee4b3d1, type: 3}
      propertyPath: m_LocalScale.z
      value: 0.5
      objectReference: {fileID: 0}
    - target: {fileID: 3246409129738901911, guid: 5c3e00ba2df4b774896eb6f6cee4b3d1, type: 3}
      propertyPath: cameFrom
      value: 
      objectReference: {fileID: 7428946044476295856}
    - target: {fileID: 3246409129738901911, guid: 5c3e00ba2df4b774896eb6f6cee4b3d1, type: 3}
      propertyPath: maxRadius
      value: 3
      objectReference: {fileID: 0}
    - target: {fileID: 3246409129738901911, guid: 5c3e00ba2df4b774896eb6f6cee4b3d1, type: 3}
      propertyPath: windSpeed
      value: 50
      objectReference: {fileID: 0}
    - target: {fileID: 3246409129738901911, guid: 5c3e00ba2df4b774896eb6f6cee4b3d1, type: 3}
      propertyPath: minRadiusFractionToNotKill
      value: 0.5
      objectReference: {fileID: 0}
    - target: {fileID: 3318021438761654958, guid: 5c3e00ba2df4b774896eb6f6cee4b3d1, type: 3}
      propertyPath: m_LocalScale.x
      value: 12
      objectReference: {fileID: 0}
    - target: {fileID: 3318021438761654958, guid: 5c3e00ba2df4b774896eb6f6cee4b3d1, type: 3}
      propertyPath: m_LocalScale.y
      value: 12
      objectReference: {fileID: 0}
    - target: {fileID: 3318021438761654958, guid: 5c3e00ba2df4b774896eb6f6cee4b3d1, type: 3}
      propertyPath: m_LocalScale.z
      value: 6
      objectReference: {fileID: 0}
    - target: {fileID: 3757916985980150020, guid: 5c3e00ba2df4b774896eb6f6cee4b3d1, type: 3}
      propertyPath: explodeSize
      value: 7
      objectReference: {fileID: 0}
    - target: {fileID: 3757916985980150020, guid: 5c3e00ba2df4b774896eb6f6cee4b3d1, type: 3}
      propertyPath: explodeDuration
      value: 0.35
      objectReference: {fileID: 0}
    - target: {fileID: 4367052241867698897, guid: 5c3e00ba2df4b774896eb6f6cee4b3d1, type: 3}
      propertyPath: m_LocalScale.x
      value: 6
      objectReference: {fileID: 0}
    - target: {fileID: 4367052241867698897, guid: 5c3e00ba2df4b774896eb6f6cee4b3d1, type: 3}
      propertyPath: m_LocalScale.y
      value: 6
      objectReference: {fileID: 0}
    - target: {fileID: 4367052241867698897, guid: 5c3e00ba2df4b774896eb6f6cee4b3d1, type: 3}
      propertyPath: m_LocalScale.z
      value: 3
      objectReference: {fileID: 0}
    - target: {fileID: 5485137516837803220, guid: 5c3e00ba2df4b774896eb6f6cee4b3d1, type: 3}
      propertyPath: m_Sprite
      value: 
      objectReference: {fileID: 21300000, guid: 4e166f648ee93b64381055170281f2b2, type: 3}
    - target: {fileID: 5485137516837803221, guid: 5c3e00ba2df4b774896eb6f6cee4b3d1, type: 3}
      propertyPath: m_Enabled
      value: 0
      objectReference: {fileID: 0}
    - target: {fileID: 5485137516837803223, guid: 5c3e00ba2df4b774896eb6f6cee4b3d1, type: 3}
      propertyPath: m_RootOrder
      value: 0
      objectReference: {fileID: 0}
    - target: {fileID: 5485137516837803223, guid: 5c3e00ba2df4b774896eb6f6cee4b3d1, type: 3}
      propertyPath: m_LocalPosition.x
      value: 0
      objectReference: {fileID: 0}
    - target: {fileID: 5485137516837803223, guid: 5c3e00ba2df4b774896eb6f6cee4b3d1, type: 3}
      propertyPath: m_LocalPosition.y
      value: 0
      objectReference: {fileID: 0}
    - target: {fileID: 5485137516837803223, guid: 5c3e00ba2df4b774896eb6f6cee4b3d1, type: 3}
      propertyPath: m_LocalPosition.z
      value: 0
      objectReference: {fileID: 0}
    - target: {fileID: 5485137516837803223, guid: 5c3e00ba2df4b774896eb6f6cee4b3d1, type: 3}
      propertyPath: m_LocalRotation.w
      value: 1
      objectReference: {fileID: 0}
    - target: {fileID: 5485137516837803223, guid: 5c3e00ba2df4b774896eb6f6cee4b3d1, type: 3}
      propertyPath: m_LocalRotation.x
      value: 0
      objectReference: {fileID: 0}
    - target: {fileID: 5485137516837803223, guid: 5c3e00ba2df4b774896eb6f6cee4b3d1, type: 3}
      propertyPath: m_LocalRotation.y
      value: 0
      objectReference: {fileID: 0}
    - target: {fileID: 5485137516837803223, guid: 5c3e00ba2df4b774896eb6f6cee4b3d1, type: 3}
      propertyPath: m_LocalRotation.z
      value: 0
      objectReference: {fileID: 0}
    - target: {fileID: 5485137516837803223, guid: 5c3e00ba2df4b774896eb6f6cee4b3d1, type: 3}
      propertyPath: m_LocalEulerAnglesHint.x
      value: 0
      objectReference: {fileID: 0}
    - target: {fileID: 5485137516837803223, guid: 5c3e00ba2df4b774896eb6f6cee4b3d1, type: 3}
      propertyPath: m_LocalEulerAnglesHint.y
      value: 0
      objectReference: {fileID: 0}
    - target: {fileID: 5485137516837803223, guid: 5c3e00ba2df4b774896eb6f6cee4b3d1, type: 3}
      propertyPath: m_LocalEulerAnglesHint.z
      value: 0
      objectReference: {fileID: 0}
    - target: {fileID: 5485137516837803306, guid: 5c3e00ba2df4b774896eb6f6cee4b3d1, type: 3}
      propertyPath: m_Name
      value: Poison Bomb
      objectReference: {fileID: 0}
    - target: {fileID: 5485137516837803306, guid: 5c3e00ba2df4b774896eb6f6cee4b3d1, type: 3}
      propertyPath: m_IsActive
      value: 1
      objectReference: {fileID: 0}
    - target: {fileID: 7094945750987550696, guid: 5c3e00ba2df4b774896eb6f6cee4b3d1, type: 3}
      propertyPath: 'm_Materials.Array.data[0]'
      value: 
      objectReference: {fileID: 2100000, guid: f7aaf4e7ff043314f8a3e53aee5619f3, type: 2}
    m_RemovedComponents:
    - {fileID: 3757916985980150020, guid: 5c3e00ba2df4b774896eb6f6cee4b3d1, type: 3}
    m_RemovedGameObjects: []
    m_AddedGameObjects:
    - targetCorrespondingSourceObject: {fileID: 5485137516837803223, guid: 5c3e00ba2df4b774896eb6f6cee4b3d1, type: 3}
      insertIndex: 0
      addedObject: {fileID: 8449298789582489738}
    - targetCorrespondingSourceObject: {fileID: 5485137516837803223, guid: 5c3e00ba2df4b774896eb6f6cee4b3d1, type: 3}
      insertIndex: -1
      addedObject: {fileID: 1572973788740590229}
    m_AddedComponents:
    - targetCorrespondingSourceObject: {fileID: 5485137516837803306, guid: 5c3e00ba2df4b774896eb6f6cee4b3d1, type: 3}
      insertIndex: -1
      addedObject: {fileID: 7428946044476295856}
  m_SourcePrefab: {fileID: 100100000, guid: 5c3e00ba2df4b774896eb6f6cee4b3d1, type: 3}
--- !u!114 &866987848896058535 stripped
MonoBehaviour:
  m_CorrespondingSourceObject: {fileID: 3246409129738901911, guid: 5c3e00ba2df4b774896eb6f6cee4b3d1, type: 3}
  m_PrefabInstance: {fileID: 2379491862255471920}
  m_PrefabAsset: {fileID: 0}
  m_GameObject: {fileID: 0}
  m_Enabled: 1
  m_EditorHideFlags: 0
  m_Script: {fileID: 11500000, guid: b8c68902d2e2871438455859ca53fb72, type: 3}
  m_Name: 
  m_EditorClassIdentifier: 
--- !u!4 &2134501566096572385 stripped
Transform:
  m_CorrespondingSourceObject: {fileID: 4367052241867698897, guid: 5c3e00ba2df4b774896eb6f6cee4b3d1, type: 3}
  m_PrefabInstance: {fileID: 2379491862255471920}
  m_PrefabAsset: {fileID: 0}
--- !u!114 &5366685582678561789 stripped
MonoBehaviour:
  m_CorrespondingSourceObject: {fileID: 7746168438370836173, guid: 5c3e00ba2df4b774896eb6f6cee4b3d1, type: 3}
  m_PrefabInstance: {fileID: 2379491862255471920}
  m_PrefabAsset: {fileID: 0}
  m_GameObject: {fileID: 0}
  m_Enabled: 1
  m_EditorHideFlags: 0
  m_Script: {fileID: 11500000, guid: f4de3e699b9fb1c458cd7020b7936e50, type: 3}
  m_Name: 
  m_EditorClassIdentifier: 
--- !u!224 &5931185749177004633 stripped
RectTransform:
  m_CorrespondingSourceObject: {fileID: 8307568178840895337, guid: 5c3e00ba2df4b774896eb6f6cee4b3d1, type: 3}
  m_PrefabInstance: {fileID: 2379491862255471920}
  m_PrefabAsset: {fileID: 0}
--- !u!50 &7619676849029274472 stripped
Rigidbody2D:
  m_CorrespondingSourceObject: {fileID: 5240818346609595992, guid: 5c3e00ba2df4b774896eb6f6cee4b3d1, type: 3}
  m_PrefabInstance: {fileID: 2379491862255471920}
  m_PrefabAsset: {fileID: 0}
--- !u!1 &7861799231229696026 stripped
GameObject:
  m_CorrespondingSourceObject: {fileID: 5485137516837803306, guid: 5c3e00ba2df4b774896eb6f6cee4b3d1, type: 3}
  m_PrefabInstance: {fileID: 2379491862255471920}
  m_PrefabAsset: {fileID: 0}
--- !u!114 &7428946044476295856
MonoBehaviour:
  m_ObjectHideFlags: 0
  m_CorrespondingSourceObject: {fileID: 0}
  m_PrefabInstance: {fileID: 0}
  m_PrefabAsset: {fileID: 0}
  m_GameObject: {fileID: 7861799231229696026}
  m_Enabled: 1
  m_EditorHideFlags: 0
  m_Script: {fileID: 11500000, guid: 76383c286f5ddfb43b9d08560e24451d, type: 3}
  m_Name: 
  m_EditorClassIdentifier: 
  trs: {fileID: 7861799231229696487}
  prefabIndex: -1
  rigid: {fileID: 7619676849029274472}
  collider: {fileID: 7861799231229696485}
  moveSpeed: 0
  lifetime: 0
  spriteRenderer: {fileID: 7861799231229696484}
  canRetargetColor: {r: 0, g: 0, b: 0, a: 0}
  cantRetargetColor: {r: 0, g: 0, b: 0, a: 0}
  despawnOnHitDestructable: 0
  despawnOnHitNonDestructable: 0
  timesRetargeted: 0
  hasFinishedRetargeting: 0
  damageAmountOnHitDestructable: 0
  dontCollideWith: {fileID: 0}
  lifetimeTextTrs: {fileID: 5931185749177004633}
  lifetimeText: {fileID: 5366685582678561789}
  explosion: {fileID: 866987848896058535}
  explodeSize: 6
  explodeDuration: 0.3
  anim: {fileID: 0}
  explodeOnHit: 1
  canExplode: 1
  owner: {fileID: 0}
  explodeTime: 0
  startedInPortals: []
  radius: 0.2
  explosionColorIfMadeByLocalPlayerAndCantHurtLocalPlayer: {r: 0, g: 1, b: 0, a: 0.5019608}
  poisonCloudDuration: 4
  poisonCloud: {fileID: 3302268569590202969}
--- !u!212 &7861799231229696484 stripped
SpriteRenderer:
  m_CorrespondingSourceObject: {fileID: 5485137516837803220, guid: 5c3e00ba2df4b774896eb6f6cee4b3d1, type: 3}
  m_PrefabInstance: {fileID: 2379491862255471920}
  m_PrefabAsset: {fileID: 0}
--- !u!58 &7861799231229696485 stripped
CircleCollider2D:
  m_CorrespondingSourceObject: {fileID: 5485137516837803221, guid: 5c3e00ba2df4b774896eb6f6cee4b3d1, type: 3}
  m_PrefabInstance: {fileID: 2379491862255471920}
  m_PrefabAsset: {fileID: 0}
--- !u!4 &7861799231229696487 stripped
Transform:
  m_CorrespondingSourceObject: {fileID: 5485137516837803223, guid: 5c3e00ba2df4b774896eb6f6cee4b3d1, type: 3}
  m_PrefabInstance: {fileID: 2379491862255471920}
  m_PrefabAsset: {fileID: 0}
--- !u!331 &8034639377608691600 stripped
SpriteMask:
  m_CorrespondingSourceObject: {fileID: 5658037135359394464, guid: 5c3e00ba2df4b774896eb6f6cee4b3d1, type: 3}
  m_PrefabInstance: {fileID: 2379491862255471920}
  m_PrefabAsset: {fileID: 0}
