%YAML 1.1
%TAG !u! tag:unity3d.com,2011:
--- !u!1 &749889916891067420
GameObject:
  m_ObjectHideFlags: 0
  m_CorrespondingSourceObject: {fileID: 0}
  m_PrefabInstance: {fileID: 0}
  m_PrefabAsset: {fileID: 0}
  serializedVersion: 6
  m_Component:
  - component: {fileID: 5609216703378369888}
  - component: {fileID: 7767092651954130516}
  - component: {fileID: 6034807472545109418}
  - component: {fileID: 3730510307747529643}
  m_Layer: 15
  m_Name: Marker (1)
  m_TagString: Untagged
  m_Icon: {fileID: 0}
  m_NavMeshLayer: 0
  m_StaticEditorFlags: 0
  m_IsActive: 1
--- !u!4 &5609216703378369888
Transform:
  m_ObjectHideFlags: 0
  m_CorrespondingSourceObject: {fileID: 0}
  m_PrefabInstance: {fileID: 0}
  m_PrefabAsset: {fileID: 0}
  m_GameObject: {fileID: 749889916891067420}
  serializedVersion: 2
  m_LocalRotation: {x: -0, y: -0, z: -0, w: 1}
  m_LocalPosition: {x: 0, y: 0, z: 0}
  m_LocalScale: {x: 1, y: 1, z: 1}
  m_ConstrainProportionsScale: 0
  m_Children: []
  m_Father: {fileID: 332746644313089551}
  m_LocalEulerAnglesHint: {x: 0, y: 0, z: 0}
--- !u!114 &7767092651954130516
MonoBehaviour:
  m_ObjectHideFlags: 0
  m_CorrespondingSourceObject: {fileID: 0}
  m_PrefabInstance: {fileID: 0}
  m_PrefabAsset: {fileID: 0}
  m_GameObject: {fileID: 749889916891067420}
  m_Enabled: 1
  m_EditorHideFlags: 0
  m_Script: {fileID: 11500000, guid: fd85dd4114ecdc845a171ded652028d2, type: 3}
  m_Name: 
  m_EditorClassIdentifier: 
  meshFilter: {fileID: 6034807472545109418}
  previousCollider: {fileID: 0}
  polygonCollider: {fileID: 0}
  shape:
    corners:
    - {x: 0.5, y: 0.5}
    - {x: 0.5, y: -0.5}
    - {x: -0.5, y: -0.5}
    - {x: -0.5, y: 0.5}
    edges:
    - start: {x: -0.5, y: 0.5}
      end: {x: 0.5, y: 0.5}
    - start: {x: 0.5, y: 0.5}
      end: {x: 0.5, y: -0.5}
    - start: {x: 0.5, y: -0.5}
      end: {x: -0.5, y: -0.5}
    - start: {x: -0.5, y: -0.5}
      end: {x: -0.5, y: 0.5}
  trs: {fileID: 5609216703378369888}
  riftKillsMe: 1
--- !u!33 &6034807472545109418
MeshFilter:
  m_ObjectHideFlags: 0
  m_CorrespondingSourceObject: {fileID: 0}
  m_PrefabInstance: {fileID: 0}
  m_PrefabAsset: {fileID: 0}
  m_GameObject: {fileID: 749889916891067420}
  m_Mesh: {fileID: 10210, guid: 0000000000000000e000000000000000, type: 0}
--- !u!23 &3730510307747529643
MeshRenderer:
  m_ObjectHideFlags: 0
  m_CorrespondingSourceObject: {fileID: 0}
  m_PrefabInstance: {fileID: 0}
  m_PrefabAsset: {fileID: 0}
  m_GameObject: {fileID: 749889916891067420}
  m_Enabled: 1
  m_CastShadows: 0
  m_ReceiveShadows: 1
  m_DynamicOccludee: 1
  m_StaticShadowCaster: 0
  m_MotionVectors: 2
  m_LightProbeUsage: 0
  m_ReflectionProbeUsage: 1
  m_RayTracingMode: 2
  m_RayTraceProcedural: 0
  m_RayTracingAccelStructBuildFlagsOverride: 0
  m_RayTracingAccelStructBuildFlags: 1
  m_SmallMeshCulling: 1
  m_RenderingLayerMask: 1
  m_RendererPriority: 0
  m_Materials:
  - {fileID: 2100000, guid: 085d4f6814f503f4e94bfe22d8d35242, type: 2}
  m_StaticBatchInfo:
    firstSubMesh: 0
    subMeshCount: 0
  m_StaticBatchRoot: {fileID: 0}
  m_ProbeAnchor: {fileID: 0}
  m_LightProbeVolumeOverride: {fileID: 0}
  m_ScaleInLightmap: 1
  m_ReceiveGI: 1
  m_PreserveUVs: 0
  m_IgnoreNormalsForChartDetection: 0
  m_ImportantGI: 0
  m_StitchLightmapSeams: 1
  m_SelectedEditorRenderState: 3
  m_MinimumChartSize: 4
  m_AutoUVMaxDistance: 0.5
  m_AutoUVMaxAngle: 89
  m_LightmapParameters: {fileID: 0}
  m_SortingLayerID: 0
  m_SortingLayer: 0
  m_SortingOrder: 0
  m_AdditionalVertexStreams: {fileID: 0}
--- !u!1 &4173514740013504358
GameObject:
  m_ObjectHideFlags: 0
  m_CorrespondingSourceObject: {fileID: 0}
  m_PrefabInstance: {fileID: 0}
  m_PrefabAsset: {fileID: 0}
  serializedVersion: 6
  m_Component:
  - component: {fileID: 332746644313089551}
  - component: {fileID: 4438507847225767980}
  m_Layer: 15
  m_Name: Marker
  m_TagString: Untagged
  m_Icon: {fileID: 0}
  m_NavMeshLayer: 0
  m_StaticEditorFlags: 0
  m_IsActive: 0
--- !u!4 &332746644313089551
Transform:
  m_ObjectHideFlags: 0
  m_CorrespondingSourceObject: {fileID: 0}
  m_PrefabInstance: {fileID: 0}
  m_PrefabAsset: {fileID: 0}
  m_GameObject: {fileID: 4173514740013504358}
  serializedVersion: 2
  m_LocalRotation: {x: -0, y: -0, z: -0, w: 1}
  m_LocalPosition: {x: 0, y: 0, z: 0}
  m_LocalScale: {x: 2, y: 2, z: 1}
  m_ConstrainProportionsScale: 0
  m_Children:
  - {fileID: 5609216703378369888}
  m_Father: {fileID: 7861799231229696487}
  m_LocalEulerAnglesHint: {x: 0, y: 0, z: 0}
--- !u!212 &4438507847225767980
SpriteRenderer:
  m_ObjectHideFlags: 0
  m_CorrespondingSourceObject: {fileID: 0}
  m_PrefabInstance: {fileID: 0}
  m_PrefabAsset: {fileID: 0}
  m_GameObject: {fileID: 4173514740013504358}
  m_Enabled: 0
  m_CastShadows: 0
  m_ReceiveShadows: 0
  m_DynamicOccludee: 1
  m_StaticShadowCaster: 0
  m_MotionVectors: 1
  m_LightProbeUsage: 1
  m_ReflectionProbeUsage: 1
  m_RayTracingMode: 0
  m_RayTraceProcedural: 0
  m_RayTracingAccelStructBuildFlagsOverride: 0
  m_RayTracingAccelStructBuildFlags: 1
  m_SmallMeshCulling: 1
  m_RenderingLayerMask: 1
  m_RendererPriority: 0
  m_Materials:
  - {fileID: 10754, guid: 0000000000000000f000000000000000, type: 0}
  m_StaticBatchInfo:
    firstSubMesh: 0
    subMeshCount: 0
  m_StaticBatchRoot: {fileID: 0}
  m_ProbeAnchor: {fileID: 0}
  m_LightProbeVolumeOverride: {fileID: 0}
  m_ScaleInLightmap: 1
  m_ReceiveGI: 1
  m_PreserveUVs: 0
  m_IgnoreNormalsForChartDetection: 0
  m_ImportantGI: 0
  m_StitchLightmapSeams: 1
  m_SelectedEditorRenderState: 0
  m_MinimumChartSize: 4
  m_AutoUVMaxDistance: 0.5
  m_AutoUVMaxAngle: 89
  m_LightmapParameters: {fileID: 0}
  m_SortingLayerID: 0
  m_SortingLayer: 0
  m_SortingOrder: -100
  m_Sprite: {fileID: 21300000, guid: bcffab202d4c1104f9a52aacbdc7f0a3, type: 3}
  m_Color: {r: 0, g: 0, b: 0, a: 0.5019608}
  m_FlipX: 0
  m_FlipY: 0
  m_DrawMode: 0
  m_Size: {x: 1, y: 1}
  m_AdaptiveModeThreshold: 0.5
  m_SpriteTileMode: 0
  m_WasSpriteAssigned: 1
  m_MaskInteraction: 0
  m_SpriteSortPoint: 0
--- !u!1 &4516746387956443390
GameObject:
  m_ObjectHideFlags: 0
  m_CorrespondingSourceObject: {fileID: 0}
  m_PrefabInstance: {fileID: 0}
  m_PrefabAsset: {fileID: 0}
  serializedVersion: 6
  m_Component:
  - component: {fileID: 3054272848123530783}
  - component: {fileID: 6072243124329306461}
  m_Layer: 0
  m_Name: Line Renderer
  m_TagString: Untagged
  m_Icon: {fileID: 0}
  m_NavMeshLayer: 0
  m_StaticEditorFlags: 0
  m_IsActive: 1
--- !u!4 &3054272848123530783
Transform:
  m_ObjectHideFlags: 0
  m_CorrespondingSourceObject: {fileID: 0}
  m_PrefabInstance: {fileID: 0}
  m_PrefabAsset: {fileID: 0}
  m_GameObject: {fileID: 4516746387956443390}
  serializedVersion: 2
  m_LocalRotation: {x: -0, y: -0, z: -0, w: 1}
  m_LocalPosition: {x: 0, y: 0, z: 0}
  m_LocalScale: {x: 2, y: 2, z: 1}
  m_ConstrainProportionsScale: 0
  m_Children: []
  m_Father: {fileID: 7861799231229696487}
  m_LocalEulerAnglesHint: {x: 0, y: 0, z: 0}
--- !u!120 &6072243124329306461
LineRenderer:
  serializedVersion: 2
  m_ObjectHideFlags: 0
  m_CorrespondingSourceObject: {fileID: 0}
  m_PrefabInstance: {fileID: 0}
  m_PrefabAsset: {fileID: 0}
  m_GameObject: {fileID: 4516746387956443390}
  m_Enabled: 1
  m_CastShadows: 0
  m_ReceiveShadows: 1
  m_DynamicOccludee: 1
  m_StaticShadowCaster: 0
  m_MotionVectors: 2
  m_LightProbeUsage: 0
  m_ReflectionProbeUsage: 0
  m_RayTracingMode: 0
  m_RayTraceProcedural: 0
  m_RayTracingAccelStructBuildFlagsOverride: 0
  m_RayTracingAccelStructBuildFlags: 1
  m_SmallMeshCulling: 1
  m_RenderingLayerMask: 1
  m_RendererPriority: 0
  m_Materials:
  - {fileID: 10754, guid: 0000000000000000f000000000000000, type: 0}
  m_StaticBatchInfo:
    firstSubMesh: 0
    subMeshCount: 0
  m_StaticBatchRoot: {fileID: 0}
  m_ProbeAnchor: {fileID: 0}
  m_LightProbeVolumeOverride: {fileID: 0}
  m_ScaleInLightmap: 1
  m_ReceiveGI: 1
  m_PreserveUVs: 0
  m_IgnoreNormalsForChartDetection: 0
  m_ImportantGI: 0
  m_StitchLightmapSeams: 1
  m_SelectedEditorRenderState: 3
  m_MinimumChartSize: 4
  m_AutoUVMaxDistance: 0.5
  m_AutoUVMaxAngle: 89
  m_LightmapParameters: {fileID: 0}
  m_SortingLayerID: 0
  m_SortingLayer: 0
  m_SortingOrder: 0
  m_Positions:
  - {x: 0, y: 0, z: 0}
  - {x: 0, y: 0, z: 0}
  m_Parameters:
    serializedVersion: 3
    widthMultiplier: 1
    widthCurve:
      serializedVersion: 2
      m_Curve:
      - serializedVersion: 3
        time: 0
        value: 1
        inSlope: 0
        outSlope: 0
        tangentMode: 0
        weightedMode: 0
        inWeight: 0.33333334
        outWeight: 0.33333334
      m_PreInfinity: 2
      m_PostInfinity: 2
      m_RotationOrder: 4
    colorGradient:
      serializedVersion: 2
      key0: {r: 0, g: 0, b: 0, a: 0.5019608}
      key1: {r: 0, g: 0, b: 0, a: 0.5019608}
      key2: {r: 0, g: 0, b: 0, a: 0}
      key3: {r: 0, g: 0, b: 0, a: 0}
      key4: {r: 0, g: 0, b: 0, a: 0}
      key5: {r: 0, g: 0, b: 0, a: 0}
      key6: {r: 0, g: 0, b: 0, a: 0}
      key7: {r: 0, g: 0, b: 0, a: 0}
      ctime0: 0
      ctime1: 65535
      ctime2: 0
      ctime3: 0
      ctime4: 0
      ctime5: 0
      ctime6: 0
      ctime7: 0
      atime0: 0
      atime1: 65535
      atime2: 0
      atime3: 0
      atime4: 0
      atime5: 0
      atime6: 0
      atime7: 0
      m_Mode: 0
      m_ColorSpace: 0
      m_NumColorKeys: 2
      m_NumAlphaKeys: 2
    numCornerVertices: 0
    numCapVertices: 0
    alignment: 0
    textureMode: 0
    textureScale: {x: 1, y: 1}
    shadowBias: 0.5
    generateLightingData: 0
  m_MaskInteraction: 0
  m_UseWorldSpace: 1
  m_Loop: 0
  m_ApplyActiveColorSpace: 1
--- !u!1001 &2379491862255471920
PrefabInstance:
  m_ObjectHideFlags: 0
  serializedVersion: 2
  m_Modification:
    serializedVersion: 3
    m_TransformParent: {fileID: 0}
    m_Modifications:
    - target: {fileID: 269275544207778792, guid: 5c3e00ba2df4b774896eb6f6cee4b3d1, type: 3}
      propertyPath: m_LocalScale.x
      value: 0.5
      objectReference: {fileID: 0}
    - target: {fileID: 269275544207778792, guid: 5c3e00ba2df4b774896eb6f6cee4b3d1, type: 3}
      propertyPath: m_LocalScale.y
      value: 0.5
      objectReference: {fileID: 0}
    - target: {fileID: 269275544207778792, guid: 5c3e00ba2df4b774896eb6f6cee4b3d1, type: 3}
      propertyPath: m_LocalScale.z
      value: 0.5
      objectReference: {fileID: 0}
    - target: {fileID: 3246409129738901911, guid: 5c3e00ba2df4b774896eb6f6cee4b3d1, type: 3}
      propertyPath: cameFrom
      value: 
      objectReference: {fileID: 2391781782373111367}
    - target: {fileID: 3246409129738901911, guid: 5c3e00ba2df4b774896eb6f6cee4b3d1, type: 3}
      propertyPath: maxRadius
      value: 4
      objectReference: {fileID: 0}
    - target: {fileID: 3246409129738901911, guid: 5c3e00ba2df4b774896eb6f6cee4b3d1, type: 3}
      propertyPath: windSpeed
      value: 50
      objectReference: {fileID: 0}
    - target: {fileID: 3318021438761654958, guid: 5c3e00ba2df4b774896eb6f6cee4b3d1, type: 3}
      propertyPath: m_LocalScale.x
      value: 16
      objectReference: {fileID: 0}
    - target: {fileID: 3318021438761654958, guid: 5c3e00ba2df4b774896eb6f6cee4b3d1, type: 3}
      propertyPath: m_LocalScale.y
      value: 16
      objectReference: {fileID: 0}
    - target: {fileID: 3318021438761654958, guid: 5c3e00ba2df4b774896eb6f6cee4b3d1, type: 3}
      propertyPath: m_LocalScale.z
      value: 8
      objectReference: {fileID: 0}
    - target: {fileID: 3757916985980150020, guid: 5c3e00ba2df4b774896eb6f6cee4b3d1, type: 3}
      propertyPath: explodeSize
      value: 7
      objectReference: {fileID: 0}
    - target: {fileID: 3757916985980150020, guid: 5c3e00ba2df4b774896eb6f6cee4b3d1, type: 3}
      propertyPath: explodeDuration
      value: 0.35
      objectReference: {fileID: 0}
    - target: {fileID: 4367052241867698897, guid: 5c3e00ba2df4b774896eb6f6cee4b3d1, type: 3}
      propertyPath: m_LocalScale.x
      value: 8
      objectReference: {fileID: 0}
    - target: {fileID: 4367052241867698897, guid: 5c3e00ba2df4b774896eb6f6cee4b3d1, type: 3}
      propertyPath: m_LocalScale.y
      value: 8
      objectReference: {fileID: 0}
    - target: {fileID: 4367052241867698897, guid: 5c3e00ba2df4b774896eb6f6cee4b3d1, type: 3}
      propertyPath: m_LocalScale.z
      value: 4
      objectReference: {fileID: 0}
    - target: {fileID: 5485137516837803220, guid: 5c3e00ba2df4b774896eb6f6cee4b3d1, type: 3}
      propertyPath: m_Sprite
      value: 
      objectReference: {fileID: 21300000, guid: 3190df3d0e158944393e1d18793f1792, type: 3}
    - target: {fileID: 5485137516837803221, guid: 5c3e00ba2df4b774896eb6f6cee4b3d1, type: 3}
      propertyPath: m_Radius
      value: 0.4
      objectReference: {fileID: 0}
    - target: {fileID: 5485137516837803221, guid: 5c3e00ba2df4b774896eb6f6cee4b3d1, type: 3}
      propertyPath: m_Enabled
      value: 0
      objectReference: {fileID: 0}
    - target: {fileID: 5485137516837803221, guid: 5c3e00ba2df4b774896eb6f6cee4b3d1, type: 3}
      propertyPath: m_Offset.y
      value: 0
      objectReference: {fileID: 0}
    - target: {fileID: 5485137516837803223, guid: 5c3e00ba2df4b774896eb6f6cee4b3d1, type: 3}
      propertyPath: m_RootOrder
      value: 0
      objectReference: {fileID: 0}
    - target: {fileID: 5485137516837803223, guid: 5c3e00ba2df4b774896eb6f6cee4b3d1, type: 3}
      propertyPath: m_LocalPosition.x
      value: 0
      objectReference: {fileID: 0}
    - target: {fileID: 5485137516837803223, guid: 5c3e00ba2df4b774896eb6f6cee4b3d1, type: 3}
      propertyPath: m_LocalPosition.y
      value: 0
      objectReference: {fileID: 0}
    - target: {fileID: 5485137516837803223, guid: 5c3e00ba2df4b774896eb6f6cee4b3d1, type: 3}
      propertyPath: m_LocalPosition.z
      value: 0
      objectReference: {fileID: 0}
    - target: {fileID: 5485137516837803223, guid: 5c3e00ba2df4b774896eb6f6cee4b3d1, type: 3}
      propertyPath: m_LocalRotation.w
      value: 1
      objectReference: {fileID: 0}
    - target: {fileID: 5485137516837803223, guid: 5c3e00ba2df4b774896eb6f6cee4b3d1, type: 3}
      propertyPath: m_LocalRotation.x
      value: 0
      objectReference: {fileID: 0}
    - target: {fileID: 5485137516837803223, guid: 5c3e00ba2df4b774896eb6f6cee4b3d1, type: 3}
      propertyPath: m_LocalRotation.y
      value: 0
      objectReference: {fileID: 0}
    - target: {fileID: 5485137516837803223, guid: 5c3e00ba2df4b774896eb6f6cee4b3d1, type: 3}
      propertyPath: m_LocalRotation.z
      value: 0
      objectReference: {fileID: 0}
    - target: {fileID: 5485137516837803223, guid: 5c3e00ba2df4b774896eb6f6cee4b3d1, type: 3}
      propertyPath: m_LocalEulerAnglesHint.x
      value: 0
      objectReference: {fileID: 0}
    - target: {fileID: 5485137516837803223, guid: 5c3e00ba2df4b774896eb6f6cee4b3d1, type: 3}
      propertyPath: m_LocalEulerAnglesHint.y
      value: 0
      objectReference: {fileID: 0}
    - target: {fileID: 5485137516837803223, guid: 5c3e00ba2df4b774896eb6f6cee4b3d1, type: 3}
      propertyPath: m_LocalEulerAnglesHint.z
      value: 0
      objectReference: {fileID: 0}
    - target: {fileID: 5485137516837803306, guid: 5c3e00ba2df4b774896eb6f6cee4b3d1, type: 3}
      propertyPath: m_Name
      value: Rift Bomb
      objectReference: {fileID: 0}
    - target: {fileID: 5485137516837803306, guid: 5c3e00ba2df4b774896eb6f6cee4b3d1, type: 3}
      propertyPath: m_IsActive
      value: 1
      objectReference: {fileID: 0}
    - target: {fileID: 7094945750987550696, guid: 5c3e00ba2df4b774896eb6f6cee4b3d1, type: 3}
      propertyPath: 'm_Materials.Array.data[0]'
      value: 
      objectReference: {fileID: 2100000, guid: f7aaf4e7ff043314f8a3e53aee5619f3, type: 2}
    m_RemovedComponents:
    - {fileID: 3757916985980150020, guid: 5c3e00ba2df4b774896eb6f6cee4b3d1, type: 3}
    m_RemovedGameObjects: []
    m_AddedGameObjects:
    - targetCorrespondingSourceObject: {fileID: 5485137516837803223, guid: 5c3e00ba2df4b774896eb6f6cee4b3d1, type: 3}
      insertIndex: 0
      addedObject: {fileID: 3054272848123530783}
    - targetCorrespondingSourceObject: {fileID: 5485137516837803223, guid: 5c3e00ba2df4b774896eb6f6cee4b3d1, type: 3}
      insertIndex: -1
      addedObject: {fileID: 332746644313089551}
    m_AddedComponents:
    - targetCorrespondingSourceObject: {fileID: 5485137516837803306, guid: 5c3e00ba2df4b774896eb6f6cee4b3d1, type: 3}
      insertIndex: -1
      addedObject: {fileID: 2391781782373111367}
  m_SourcePrefab: {fileID: 100100000, guid: 5c3e00ba2df4b774896eb6f6cee4b3d1, type: 3}
--- !u!114 &866987848896058535 stripped
MonoBehaviour:
  m_CorrespondingSourceObject: {fileID: 3246409129738901911, guid: 5c3e00ba2df4b774896eb6f6cee4b3d1, type: 3}
  m_PrefabInstance: {fileID: 2379491862255471920}
  m_PrefabAsset: {fileID: 0}
  m_GameObject: {fileID: 0}
  m_Enabled: 1
  m_EditorHideFlags: 0
  m_Script: {fileID: 11500000, guid: b8c68902d2e2871438455859ca53fb72, type: 3}
  m_Name: 
  m_EditorClassIdentifier: 
--- !u!114 &5366685582678561789 stripped
MonoBehaviour:
  m_CorrespondingSourceObject: {fileID: 7746168438370836173, guid: 5c3e00ba2df4b774896eb6f6cee4b3d1, type: 3}
  m_PrefabInstance: {fileID: 2379491862255471920}
  m_PrefabAsset: {fileID: 0}
  m_GameObject: {fileID: 0}
  m_Enabled: 1
  m_EditorHideFlags: 0
  m_Script: {fileID: 11500000, guid: f4de3e699b9fb1c458cd7020b7936e50, type: 3}
  m_Name: 
  m_EditorClassIdentifier: 
--- !u!224 &5931185749177004633 stripped
RectTransform:
  m_CorrespondingSourceObject: {fileID: 8307568178840895337, guid: 5c3e00ba2df4b774896eb6f6cee4b3d1, type: 3}
  m_PrefabInstance: {fileID: 2379491862255471920}
  m_PrefabAsset: {fileID: 0}
--- !u!50 &7619676849029274472 stripped
Rigidbody2D:
  m_CorrespondingSourceObject: {fileID: 5240818346609595992, guid: 5c3e00ba2df4b774896eb6f6cee4b3d1, type: 3}
  m_PrefabInstance: {fileID: 2379491862255471920}
  m_PrefabAsset: {fileID: 0}
--- !u!1 &7861799231229696026 stripped
GameObject:
  m_CorrespondingSourceObject: {fileID: 5485137516837803306, guid: 5c3e00ba2df4b774896eb6f6cee4b3d1, type: 3}
  m_PrefabInstance: {fileID: 2379491862255471920}
  m_PrefabAsset: {fileID: 0}
--- !u!114 &2391781782373111367
MonoBehaviour:
  m_ObjectHideFlags: 0
  m_CorrespondingSourceObject: {fileID: 0}
  m_PrefabInstance: {fileID: 0}
  m_PrefabAsset: {fileID: 0}
  m_GameObject: {fileID: 7861799231229696026}
  m_Enabled: 1
  m_EditorHideFlags: 0
  m_Script: {fileID: 11500000, guid: 79a34fe81f7d7f649b78033be9d87a5d, type: 3}
  m_Name: 
  m_EditorClassIdentifier: 
  trs: {fileID: 7861799231229696487}
  prefabIndex: -1
  rigid: {fileID: 7619676849029274472}
  collider: {fileID: 7861799231229696485}
  moveSpeed: 0
  lifetime: 0
  spriteRenderer: {fileID: 7861799231229696484}
  canRetargetColor: {r: 0, g: 0, b: 0, a: 0}
  cantRetargetColor: {r: 0, g: 0, b: 0, a: 0}
  despawnOnHitDestructable: 0
  despawnOnHitNonDestructable: 0
  timesRetargeted: 0
  hasFinishedRetargeting: 0
  damageAmountOnHitDestructable: 0
  dontCollideWith: {fileID: 0}
  lifetimeTextTrs: {fileID: 5931185749177004633}
  lifetimeText: {fileID: 5366685582678561789}
  explosion: {fileID: 866987848896058535}
  explodeSize: 8
  explodeDuration: 0.4
  anim: {fileID: 0}
  explodeOnHit: 1
  canExplode: 1
  owner: {fileID: 0}
  explodeTime: 0
  startedInPortals: []
  radius: 0.2
  explosionColorIfMadeByLocalPlayerAndCantHurtLocalPlayer: {r: 0, g: 0, b: 0, a: 0}
  openSpeed: 3
  openDuration: 1
  waitDuration: 5
  markerTrs: {fileID: 332746644313089551}
  lineRenderer: {fileID: 6072243124329306461}
  materials:
  - {fileID: 2100000, guid: a6db2f8dfef599947bd93d5c04ca921b, type: 2}
  - {fileID: 2100000, guid: 561ff881f7f28a4489cb6c9dfdbc8d9b, type: 2}
  - {fileID: 2100000, guid: 83c4d100f4cd93b4aa383a377de93865, type: 2}
  - {fileID: 2100000, guid: 193e62ab2e5408645801aa46db3bc815, type: 2}
  - {fileID: 2100000, guid: d57d64086f74b9f478d382b0e735f596, type: 2}
  - {fileID: 2100000, guid: b124dc3045dc40d4d879553d8d64f322, type: 2}
  - {fileID: 2100000, guid: 085d4f6814f503f4e94bfe22d8d35242, type: 2}
  - {fileID: 2100000, guid: 4a746b878eccfea4ea40353d9837b7db, type: 2}
  - {fileID: 2100000, guid: d61af7f470f502c4d9f5bf1662383a56, type: 2}
  - {fileID: 2100000, guid: 1d662575a723c5347b020a9183f85191, type: 2}
  - {fileID: 2100000, guid: ca63cddfad1c7a942bb4cf938b728457, type: 2}
  - {fileID: 2100000, guid: be9b3c67f08a8c548bbcc064d7eee14e, type: 2}
  maxMarkerDistanceToUseCollisionNormal: 0.1
--- !u!212 &7861799231229696484 stripped
SpriteRenderer:
  m_CorrespondingSourceObject: {fileID: 5485137516837803220, guid: 5c3e00ba2df4b774896eb6f6cee4b3d1, type: 3}
  m_PrefabInstance: {fileID: 2379491862255471920}
  m_PrefabAsset: {fileID: 0}
--- !u!58 &7861799231229696485 stripped
CircleCollider2D:
  m_CorrespondingSourceObject: {fileID: 5485137516837803221, guid: 5c3e00ba2df4b774896eb6f6cee4b3d1, type: 3}
  m_PrefabInstance: {fileID: 2379491862255471920}
  m_PrefabAsset: {fileID: 0}
--- !u!4 &7861799231229696487 stripped
Transform:
  m_CorrespondingSourceObject: {fileID: 5485137516837803223, guid: 5c3e00ba2df4b774896eb6f6cee4b3d1, type: 3}
  m_PrefabInstance: {fileID: 2379491862255471920}
  m_PrefabAsset: {fileID: 0}
